2918 5284
632 491 674 553 83

131 673 216 740 liber
239 687 286 738 est
301 695 320 736 a
336 693 432 736 soen.
455 693 606 752 sruvnns,
633 671 841 759 ann01723.'
862 667 1001 735 Tertiam
1019 671 1156 760 denique

84 829 86 834 .
130 791 430 880 interpretationem
453 788 635 876 composuit
664 810 741 853 aun.
768 811 892 872 nausa,
917 788 1021 857 Lond.
1049 790 1154 874 1814,

130 907 247 974 eodem
269 908 360 990 fere,
384 930 423 972 ac
445 919 699 989 srtrneror'uus,
725 908 861 972 consilio
880 906 892 995 (
914 907 940 994 ).

178 1027 267 1116 Opus
289 1023 474 1091 dedicatum
495 1040 544 1089 est
560 1046 755 1090 cuonunruro
767 1025 865 1115 Regi,
889 1041 923 1090 et
941 1048 980 1090 er
998 1025 1157 1115 Epistola,

132 1143 174 1210 ad
185 1143 277 1209 illum
289 1143 427 1233 scripta,
446 1165 542 1230 quam
554 1143 715 1208 Historiae
730 1165 804 1208 suae
825 1164 909 1207 unna
919 1143 1095 1232 praemisit,
1111 1145 1158 1208 in-

131 1262 303 1352 telligitur,
338 1233 529 1348 quibusnam
567 1262 769 1350 potissimum
797 1262 981 1326 auctoribus
1008 1275 1041 1326 et
1065 1260 1160 1325 fonti-

48 1469 50 1473 Ι
131 1380 191 1444 bus
222 1402 297 1444 usus
331 1379 383 1445 sit.
430 1381 555 1444 Auctor
586 1396 659 1459 ante
695 1401 806 1444 omnes
840 1394 934 1467 atque
969 1377 1096 1465 adjutor
1128 1377 1158 1442 ei

130 1496 253 1564 exstitit
278 1519 417 1562 eternus
441 1497 571 1580 Abbas,
596 1497 694 1586 ipsius
721 1519 889 1562 aaronem
915 1496 1158 1585 Archiepiscopi

134 1629 169 1678 et
197 1636 336 1680 anatem
359 1616 493 1680 Abbatis
519 1614 704 1704 discipulus.
752 1614 898 1696 Quorum
924 1637 975 1680 res
997 1629 1098 1704 gestas
1125 1614 1158 1678 in

135 1731 273 1796 ecclesia
306 1733 550 1798 Canmart'orum
582 1747 616 1798 et
643 1731 785 1798 finitimis
811 1733 994 1823 regionibus
1011 1753 1161 1796 -anuraus

135 1872 211 1914 curn
239 1871 325 1914 uuna
353 1852 624 1935 communicarit,
651 1852 747 1916 misso
779 1849 821 1916 ad
853 1874 927 1916 eum
954 1873 1157 1932 aoruanuo,

133 1968 290 2034 ecclesiae
315 1968 531 2034 Londinensr’s
558 1969 762 2059 Presbytero.
818 1970 1023 2036 Nornuruus
1046 1984 1160 2060 postea

135 2089 269 2152 Romam
285 2087 449 2177 profectus
463 2089 583 2154 Literas
605 2087 757 2176 quasdam
779 2111 939 2154 ennoean
960 2088 1159 2175 aliorumque

136 2203 352 2287 Pontificum,
388 2227 466 2292 quas
494 2206 529 2270 in
553 2205 755 2272 Bibliotheca
783 2206 943 2270 Vaticana
974 2205 1157 2286 invenerat,

136 2319 272 2387 domum
302 2344 446 2388 reversus
471 2331 583 2388 uum
601 2324 693 2412 operi
721 2345 780 2386 suo
804 2320 986 2388 inserendas
1014 2319 1158 2387 tradidit.

136 2438 279 2506 Primam
293 2440 390 2530 igitur
405 2440 565 2506 Historiae
585 2462 659 2506 suae
676 2456 816 2530 partem,
835 2463 916 2528 quae
934 2438 1159 2526 complectitur

135 2573 282 2648 tempora
307 2575 382 2656 ante
404 2575 568 2648 receptam
592 2560 627 2622 in
651 2560 773 2646 Anglr'a
797 2558 986 2648 religionem
1009 2556 1159 2622 Christia-

134 2699 226 2760 nam,
250 2699 291 2742 ex
310 2676 541 2764 antiquioribus
560 2677 731 2766 praecipue
748 2675 966 2765 scriptoribus
982 2675 1157 2764 congessit,

135 2795 349 2884 posteriorem
364 2815 441 2860 vero
463 2815 503 2858 ex
518 2791 691 2860 traditione
712 2810 746 2860 et
765 2794 961 2881 aequalium,
977 2794 1032 2880 qui
1048 2793 1160 2858 Eccle-

133 2913 200 2978 siae
228 2911 383 3002 praefecti
410 2926 521 2994 erant,
552 2912 790 2976 narrationibus
814 2928 848 2976 et
870 2910 1058 2976 testimoniis
1085 2931 1160 2974 cou-

134 3032 249 3097 texuit.
296 3030 454 3096 Laborem
486 3052 572 3095 anno
598 3029 661 3118 731
688 3028 891 3111 absolutum,
930 3025 1047 3094 deinde
1080 3049 1158 3091 vero

133 3145 177 3211 ad
206 3148 330 3213 calcem
354 3148 460 3237 operis
496 3148 669 3237 Epitomen
701 3146 863 3236 quandam
893 3146 1158 3235 chronologicam

95 3309 105 3329 .
134 3261 318 3350 adjectam,
343 3287 403 3329 nec
431 3279 537 3332 tamen
563 3265 604 3329 ab
632 3266 703 3355 ipso
732 3284 816 3348 unna
840 3263 923 3327 ultra
950 3285 1069 3326 annum
1092 3261 1158 3350 734

134 3379 349 3469 productam,
375 3381 431 3446 sed
452 3383 624 3448 recentiori
646 3406 743 3447 manu
765 3381 806 3446 ad
833 3404 950 3446 annum
969 3402 1070 3467 usque
1092 3377 1157 3467 766
1194 3365 1197 3372 “

135 3499 354 3564 continuatam
383 3523 468 3583 esse,
501 3523 595 3588 supra
619 3504 686 3586 jam
714 3499 865 3583 diximus,
895 3515 928 3564 et
959 3522 999 3564 ex
1029 3496 1158 3587 optimis

179 3799 222 3868 (1)
241 3799 304 3852 vid.
318 3797 403 3851 Praei.
422 3796 505 3849 «This
520 3798 674 3865 interesting
688 3797 739 3848 aad
753 3796 982 3866 ediiyingllistorw
995 3797 1025 3848 oi
1036 3795 1080 3848 the
1090 3813 1158 3846 con·

240 3884 343 3936 version
356 3882 387 3935 oi
399 3899 447 3933 our
460 3898 520 3933 own
533 3890 641 3948 country
654 3891 680 3933 to
693 3879 863 3949 Christianity
876 3878 927 3931 lies
939 3878 1078 3932 conceeled
1090 3878 1157 3930 from

239 3965 284 4017 the
298 3964 455 4033 knowledge
470 3965 500 4016 ol
511 3974 579 4017 most
593 3965 703 4034 people,
721 3963 798 4029 who,
815 3964 962 4027 therefore,
981 3979 1023 4014 are
1038 3963 1159 4029 ignorant

241 4048 271 4100 oi
288 4048 332 4100 the
354 4060 410 4102 true
426 4058 515 4100 nature
531 4049 559 4100 oi
572 4048 627 4099 that
641 4047 772 4118 religion,
790 4047 878 4100 which
893 4065 940 4099 our
952 4053 1081 4096 ancestors
1094 4061 1160 4111 pro-

241 4133 346 4198 iessed,
372 4135 423 4186 aad
439 4136 554 4203 imagine
569 4134 624 4185 that
638 4135 658 4185 it
671 4151 724 4185 was
738 4132 783 4185 tlte
798 4149 887 4196 teme,
906 4131 935 4180 in
947 4145 1026 4197 every
1040 4137 1159 4195 respect,

242 4235 269 4268 as
283 4215 338 4268 that
353 4217 441 4270 which
456 4219 503 4271 has
521 4218 589 4271 been
606 4217 757 4271 introduced
771 4217 866 4284 during
881 4213 925 4268 the
940 4215 988 4270 last
1002 4211 1163 4264 centuries.»

947 4309 994 4377 6.
