2900 5278
680 423 702 491 9

182 651 185 656 -
230 610 304 694 Quo
329 627 414 676 anno
442 623 533 674 natus
563 608 605 672 sit
637 628 739 691 ncne,
774 601 854 672 satis
877 623 965 674 certo
994 608 1060 676 dici
1080 625 1201 704 potest.

129 788 132 792 .
184 727 265 792 Sunt
285 727 420 816 quidem
438 729 544 817 plures
567 725 654 814 iique
679 728 786 791 bonae
811 741 908 791 notae
933 724 1127 818 Scriptores,
1149 731 1204 819 qui

183 867 303 914 annum
326 847 390 934 677
417 850 482 933 ejus
510 845 651 910 natalem
673 859 813 908 statuant
833 842 901 933 (1),
933 861 966 909 at
999 846 1033 912 in
1061 869 1205 912 errorem

181 986 216 1028 se
239 961 313 1029 duci
341 963 425 1053 passi
445 978 518 1028 sunt
546 963 608 1046 iis,
634 984 715 1049 quae
740 959 924 1050 appendicis
953 963 1053 1028 instar
1074 962 1117 1031 ad
1146 963 1207 1030 cal·

183 1103 256 1146 cem
277 1082 438 1145 Historiae
461 1104 479 1143 a
504 1102 587 1142 urm
609 1079 809 1167 conscriptae
835 1079 994 1168 leguntur.
1044 1081 1206 1147 Nimirum

182 1200 229 1263 ita
259 1198 423 1265 concludit
448 1211 579 1262 auctor:
617 1197 700 1262 «Hie
724 1198 828 1261 estin
858 1199 1108 1284 praesentiarum
1136 1200 1205 1262 uni-

179 1335 287 1378 versae
309 1330 406 1379 status
430 1317 621 1379 Brimnnioc
634 1362 646 1397 ,a
676 1336 760 1378 anno
786 1313 940 1379 adventus
968 1316 1146 1402 Anglorum
1160 1317 1206 1380 ‘in

173 1427 384 1504 Britanniam
416 1434 546 1498 circiter
578 1430 667 1514 285,
704 1430 885 1496 dominicae
920 1446 1028 1496 autem
1059 1433 1206 1497 lucarna-

179 1549 277 1614 tionis
318 1572 403 1613 anno
437 1549 718 1638 septingentesimo
754 1549 916 1612 tricesimo
953 1549 1100 1636 primop»
1140 1564 1203 1614 cet.

178 1666 354 1732 Historiam
389 1667 529 1754 sequitur
561 1667 755 1731 breviarium
786 1689 842 1730 seu
874 1667 1031 1755 epitome.¹
1048 1665 1204 1755 quaedam

177 1783 292 1850 totius.
308 1785 414 1873 operis
451 1781 628 1869 chronica,
663 1807 764 1872 eaque
795 1783 835 1848 ad
868 1807 987 1848 annum
1011 1783 1074 1872 731
1107 1807 1206 1873 usque

176 1899 368 1991 procedens.
416 1902 520 1967 Porro
539 1903 629 1992 operi
650 1901 792 1992 adjungit
817 1923 901 1966 arcu
920 1901 1005 1968 vitae
1023 1923 1099 1966 suae
1115 1899 1205 1967 corn·

172 2016 352 2107 pendium,
387 2018 422 2082 in
452 2042 517 2107 quo
553 2042 587 2085 se
619 2041 739 2084 annum
776 2015 886 2084 aetatis
913 2019 1205 2110 quinquagesimum

181 2158 304 2201 nonum
318 2135 457 2226 attigisse
472 2136 580 2204 tradit.
605 2137 752 2225 Denique
763 2134 908 2200 Indicem
922 2136 1049 2200 exhibet
1062 2137 1205 2202 omnium

178 2230 337 2318 librorum
368 2277 388 2318 a
416 2277 451 2330 se
477 2253 581 2319 adbuc
617 2255 889 2343 conscriptorum,
919 2253 1131 2341 precibusque
1157 2253 1204 2318 fa-

182 2371 240 2434 ctis
253 2369 351 2436 finem
367 2369 538 2436 scribendo
554 2371 704 2459 imponit.
750 2370 821 2436 Jam
835 2391 930 2456 vero,
953 2393 1050 2460 quum
1064 2363 1205 2462 epitome

285 2727 353 2778 there
372 2728 396 2776 it
416 2741 434 2775 a
452 2721 528 2786 weit,
555 2721 638 2772 called
656 2717 755 2772 Bede'r
768 2720 827 2772 weit
836 2755 845 2785 ,
866 2725 894 2774 tc
907 2721 991 2774 which
1005 2738 1035 2774 ct
1049 2723 1101 2776 iate
1115 2740 1146 2777 cr
1160 2727 1202 2780 the

284 2825 349 2876 year
375 2808 463 2870 atto,
496 2807 516 2854 it
539 2819 594 2854 was
616 2820 633 2853 a
650 2805 803 2870 prevciting
826 2809 926 2854 curtem
946 2810 972 2856 to
993 2807 1071 2870 bring
1090 2809 1204 2860 children

282 2891 401 2942 troubted
421 2889 486 2939 with
507 2904 561 2955 orry
581 2888 679 2937 directe
701 2903 733 2938 or
753 2889 903 2955 infirmity;
928 2904 945 2937 a
965 2889 1075 2940 crooked
1083 2893 1134 2956 pire
1147 2907 1204 2943 was

278 2979 332 3042 put
354 2977 400 3038 ic,
426 2971 481 3022 cud
501 2973 543 3022 the
559 2973 618 3022 weit
640 2973 717 3022 iared
735 2973 786 3040 dry
801 2973 911 3024 between
925 2975 985 3024 ecch
999 2975 1117 3042 dipping.
1151 2977 1202 3046 My

282 3059 430 3124 informant
454 3058 502 3107 has
527 3072 585 3106 seen
606 3061 704 3124 twenty
728 3057 843 3108 children
863 3059 976 3122 brought
997 3059 1112 3124 together
1131 3077 1165 3110 ou
1187 3078 1205 3112 o

285 3138 396 3206 Sundcy
412 3138 480 3188 tote
495 3137 588 3202 dipped
599 3139 628 3186 in
643 3139 694 3188 this
708 3141 767 3188 weil
773 3157 784 3198 ‚·
803 3145 832 3189 ct
845 3141 927 3190 which
935 3141 1008 3203 also,
1027 3158 1061 3192 cn
1068 3142 1204 3194 Midtum-

282 3236 416 3283 mer-evc,
443 3217 521 3271 there
534 3233 590 3267 war
612 3225 725 3286 pgrect
747 3226 832 3271 retort
852 3224 884 3289 os
894 3223 1085 3289 neighbouring
1094 3225 1202 3291 propte,

282 3306 346 3356 with
361 3305 490 3372 bonfirct,
509 3305 594 3352 music
606 3311 656 3352 etc.

215 3389 257 3459 (1)
277 3388 321 3442 Sic
334 3403 427 3440 sutor
444 3386 570 3436 Dunetm.
587 3383 690 3452 (ssomit
704 3381 763 3436 Sec.
776 3383 848 3452 XII.)
865 3385 895 3434 de
909 3384 1034 3436 Duneim.
1049 3385 1124 3438 Ecci.
1136 3405 1160 3438 o.
1175 3391 1202 3441 8.

280 3482 307 3524 et
326 3473 356 3522 iu
368 3473 458 3538 Epist.
480 3471 511 3520 de
523 3469 685 3534 Archiepisc.
707 3469 824 3518 Eborac.
838 3469 867 3518 in
880 3468 959 3532 init,
979 3479 1005 3520 et
1019 3470 1067 3538 qui
1082 3487 1144 3520 eum
1158 3469 1203 3523 bic

166 3596 172 3614 .-
284 3553 446 3606 adverbum
468 3553 523 3604 tere
544 3550 685 3614 describit,
712 3564 808 3602 ηοω
829 3563 919 3601 sruans
943 3548 987 3616 (ss.
1001 3549 1060 3602 Sec.
1074 3550 1155 3621 XIV.)
1173 3554 1202 3604 in

168 3679 172 3692 .
282 3637 395 3690 Actibus
422 3636 526 3701 Pontrf.
553 3633 768 3683 Eborccemium.
817 3630 879 3682 vid.
907 3631 975 3700 apud
996 3633 1070 3684 Hitt.
1092 3635 1202 3698 Anglic.

284 3721 432 3786 Scriptores
446 3718 485 3770 X.
500 3715 583 3768 Lond.
597 3715 676 3768 1652.
690 3733 750 3784 pag.
764 3715 798 3778 t,
818 3715 853 3766 76
870 3725 896 3766 ct
909 3733 968 3784 pag.
982 3718 1061 3770 1695.
1079 3717 1200 3770 Eundem

166 3844 173 3861 .
281 3821 378 3856 annum
401 3802 481 3854 babet
506 3801 681 3864 chronologia
702 3813 806 3852 rorrsts
825 3799 894 3850 Art.
912 3799 941 3850 S.
954 3801 1032 3852 Petri
1046 3801 1075 3850 de
1088 3801 1201 3867 Burgo,

282 3886 350 3956 apud
369 3887 445 3938 Hitt.
468 3885 552 3950 Argi.
575 3885 721 3951 Scriptores
735 3884 824 3934 varios
838 3899 851 3932 e
864 3883 944 3934 MSS
961 3885 1022 3935 edit.
1040 3899 1058 3934 c
1071 3897 1094 3934 r.
1108 3899 1202 3950 arsen

282 3968 367 4021 lond.
384 3969 464 4022 1⁷2³.
505 3967 611 4032 Etiam,
636 3967 707 4036 quod
722 3968 820 4031 miror,
838 3981 896 4018 non.
910 3982 1019 4029 suern,
1038 3967 1083 4032 qui
1098 3977 1201 4018 cetero.

166 4103 169 4110 ‚
280 4053 346 4122 quin
366 4052 502 4106 accuratior
522 4061 579 4116 est,
605 4061 633 4102 ut
645 4059 759 4124 apparet
780 4066 813 4102 ex
836 4047 939 4101 calculo·
957 4045 1018 4098 rot.
1031 4045 1065 4096 11.
1080 4063 1140 4115 pag.
1156 4049 1199 4101 69.

281 4133 445 4204 reperiundo.
