<?xml version="1.0" encoding="UTF-8"?>
<!DOCTYPE html PUBLIC "-//W3C//DTD XHTML 1.0 Transitional//EN"
    "http://www.w3.org/TR/xhtml1/DTD/xhtml1-transitional.dtd">
<html xmlns="http://www.w3.org/1999/xhtml" xml:lang="en" lang="en">
 <head>
  <title>
</title>
<meta http-equiv="Content-Type" content="text/html;charset=utf-8" />
  <meta name='ocr-system' content='tesseract 3.04.00' />
  <meta name='ocr-capabilities' content='ocr_page ocr_carea ocr_par ocr_line ocrx_word'/>
</head>
<body>
  <div class='ocr_page' id='page_1' title='image "./disputatiohisto00gehlgoog_0108.png"; bbox 0 0 2918 5284; ppageno 0'>
   <div class='ocr_carea' id='block_1_1' title="bbox 767 470 808 532">
    <p class='ocr_par' dir='ltr' id='par_1_1' title="bbox 767 470 808 532">
     <span class='ocr_line' id='line_1_1' title="bbox 767 470 808 532; baseline 0 0"><span class='ocrx_word' id='word_1_1' title='bbox 767 470 808 532; x_wconf 86' lang='grc'><strong>96</strong></span> 
     </span>
    </p>
   </div>
   <div class='ocr_carea' id='block_1_2' title="bbox 274 646 1401 4037">
    <p class='ocr_par' dir='ltr' id='par_1_2' title="bbox 274 646 1389 1684">
     <span class='ocr_line' id='line_1_2' title="bbox 277 646 1299 720; baseline -0.003 0"><span class='ocrx_word' id='word_1_2' title='bbox 277 652 350 720; x_wconf 84' lang='lat' dir='ltr'><strong>huic</strong></span> <span class='ocrx_word' id='word_1_3' title='bbox 373 652 506 718; x_wconf 91' lang='lat' dir='ltr'><strong>consilio</strong></span> <span class='ocrx_word' id='word_1_4' title='bbox 528 649 743 716; x_wconf 85' lang='lat' dir='ltr'><strong>adhiberetur.</strong></span> <span class='ocrx_word' id='word_1_5' title='bbox 791 649 849 712; x_wconf 90' lang='lat' dir='ltr'><strong>Cui</strong></span> <span class='ocrx_word' id='word_1_6' title='bbox 869 646 1001 712; x_wconf 89' lang='lat' dir='ltr'><strong>decreto</strong></span> <span class='ocrx_word' id='word_1_7' title='bbox 1022 669 1063 712; x_wconf 88' lang='lat' dir='ltr'><strong>ne</strong></span> <span class='ocrx_word' id='word_1_8' title='bbox 1082 648 1167 712; x_wconf 86' lang='lat' dir='ltr'><strong>forte</strong></span> <span class='ocrx_word' id='word_1_9' title='bbox 1188 650 1299 716; x_wconf 85' lang='lat' dir='ltr'><strong>Abbas</strong></span> 
     </span>
     <span class='ocr_line' id='line_1_3' title="bbox 277 763 1389 850; baseline -0.003 -12"><span class='ocrx_word' id='word_1_10' title='bbox 277 789 331 838; x_wconf 90' lang='lat' dir='ltr'><strong>aut</strong></span> <span class='ocrx_word' id='word_1_11' title='bbox 354 770 505 837; x_wconf 87' lang='lat' dir='ltr'><strong>monachi</strong></span> <span class='ocrx_word' id='word_1_12' title='bbox 526 768 725 850; x_wconf 80' lang='lat' dir='ltr'><strong>resisterent,</strong></span> <span class='ocrx_word' id='word_1_13' title='bbox 744 766 875 831; x_wconf 88' lang='lat' dir='ltr'><strong>libertas</strong></span> <span class='ocrx_word' id='word_1_14' title='bbox 894 767 933 829; x_wconf 88' lang='lat' dir='ltr'><strong>iis</strong></span> <span class='ocrx_word' id='word_1_15' title='bbox 953 763 1099 848; x_wconf 86' lang='lat' dir='ltr'><strong>daretur,</strong></span> <span class='ocrx_word' id='word_1_16' title='bbox 1121 781 1157 829; x_wconf 92' lang='lat' dir='ltr'><strong>ut</strong></span> <span class='ocrx_word' id='word_1_17' title='bbox 1180 765 1222 832; x_wconf 89' lang='lat' dir='ltr'><strong>de</strong></span> <span class='ocrx_word' id='word_1_18' title='bbox 1238 771 1303 835; x_wconf 91' lang='lat' dir='ltr'><strong>suis</strong></span> <span class='ocrx_word' id='word_1_19' title='bbox 1382 770 1389 782; x_wconf 83' lang='lat'><em>&#39;</em></span> 
     </span>
     <span class='ocr_line' id='line_1_4' title="bbox 276 883 1303 979; baseline -0.004 -25"><span class='ocrx_word' id='word_1_20' title='bbox 276 891 341 979; x_wconf 83' lang='lat' dir='ltr'><strong>ipsi</strong></span> <span class='ocrx_word' id='word_1_21' title='bbox 359 890 554 978; x_wconf 87' lang='lat' dir='ltr'>Episcopum</span> <span class='ocrx_word' id='word_1_22' title='bbox 573 887 743 976; x_wconf 80' lang='lat' dir='ltr'><strong>eligerent,</strong></span> <span class='ocrx_word' id='word_1_23' title='bbox 769 886 823 973; x_wconf 93' lang='lat' dir='ltr'><strong>qui</strong></span> <span class='ocrx_word' id='word_1_24' title='bbox 844 900 877 948; x_wconf 90' lang='lat' dir='ltr'><strong>et</strong></span> <span class='ocrx_word' id='word_1_25' title='bbox 898 883 1114 971; x_wconf 87' lang='lat' dir='ltr'><strong>adjacentium</strong></span> <span class='ocrx_word' id='word_1_26' title='bbox 1134 884 1303 972; x_wconf 88' lang='lat' dir='ltr'><strong>locorum,</strong></span> 
     </span>
     <span class='ocr_line' id='line_1_5' title="bbox 277 1003 1304 1097; baseline -0.005 -23"><span class='ocrx_word' id='word_1_27' title='bbox 277 1024 435 1097; x_wconf 85' lang='lat' dir='ltr'>quotquot</span> <span class='ocrx_word' id='word_1_28' title='bbox 460 1005 501 1070; x_wconf 87' lang='lat' dir='ltr'><strong>ad</strong></span> <span class='ocrx_word' id='word_1_29' title='bbox 530 1004 666 1070; x_wconf 90' lang='lat' dir='ltr'><strong>eandem</strong></span> <span class='ocrx_word' id='word_1_30' title='bbox 693 1003 864 1068; x_wconf 86' lang='lat' dir='ltr'><strong>Dioecesin</strong></span> <span class='ocrx_word' id='word_1_31' title='bbox 891 1003 1109 1091; x_wconf 85' lang='lat' dir='ltr'><strong>pertinerent,</strong></span> <span class='ocrx_word' id='word_1_32' title='bbox 1143 1017 1176 1066; x_wconf 90' lang='lat' dir='ltr'><strong>et</strong></span> <span class='ocrx_word' id='word_1_33' title='bbox 1204 1004 1304 1093; x_wconf 89' lang='lat' dir='ltr'><strong>ipsius</strong></span> 
     </span>
     <span class='ocr_line' id='line_1_6' title="bbox 275 1117 1303 1212; baseline -0.006 -20"><span class='ocrx_word' id='word_1_34' title='bbox 275 1125 460 1191; x_wconf 90' lang='lat' dir='ltr'><strong>monasterii</strong></span> <span class='ocrx_word' id='word_1_35' title='bbox 492 1147 601 1188; x_wconf 89' lang='lat' dir='ltr'><strong>curam</strong></span> <span class='ocrx_word' id='word_1_36' title='bbox 636 1137 772 1212; x_wconf 85' lang='lat' dir='ltr'><strong>gereret.</strong></span> <span class='ocrx_word' id='word_1_37' title='bbox 830 1117 928 1201; x_wconf 92' lang='lat' dir='ltr'><strong>Quod</strong></span> <span class='ocrx_word' id='word_1_38' title='bbox 962 1121 989 1183; x_wconf 91' lang='lat' dir='ltr'><strong>si</strong></span> <span class='ocrx_word' id='word_1_39' title='bbox 1022 1141 1102 1208; x_wconf 91' lang='lat' dir='ltr'><strong>opus</strong></span> <span class='ocrx_word' id='word_1_40' title='bbox 1136 1134 1232 1203; x_wconf 88' lang='lat' dir='ltr'><strong>esset,</strong></span> <span class='ocrx_word' id='word_1_41' title='bbox 1265 1136 1303 1186; x_wconf 90' lang='lat' dir='ltr'><strong>ut</strong></span> 
     </span>
     <span class='ocr_line' id='line_1_7' title="bbox 274 1237 1304 1330; baseline -0.004 -22"><span class='ocrx_word' id='word_1_42' title='bbox 274 1260 398 1325; x_wconf 90' lang='lat' dir='ltr'><strong>terrae,</strong></span> <span class='ocrx_word' id='word_1_43' title='bbox 423 1263 499 1330; x_wconf 88' lang='lat' dir='ltr'><strong>quas</strong></span> <span class='ocrx_word' id='word_1_44' title='bbox 524 1239 742 1330; x_wconf 88' lang='lat' dir='ltr'><strong>possiderent,</strong></span> <span class='ocrx_word' id='word_1_45' title='bbox 766 1238 835 1304; x_wconf 91' lang='lat' dir='ltr'><strong>aliis</strong></span> <span class='ocrx_word' id='word_1_46' title='bbox 864 1237 1111 1328; x_wconf 85' lang='lat' dir='ltr'><strong>adaugerentur,</strong></span> <span class='ocrx_word' id='word_1_47' title='bbox 1135 1237 1304 1304; x_wconf 89' lang='lat' dir='ltr'><strong>innumera</strong></span> 
     </span>
     <span class='ocr_line' id='line_1_8' title="bbox 275 1355 1305 1448; baseline -0.004 -24"><span class='ocrx_word' id='word_1_48' title='bbox 275 1360 350 1424; x_wconf 89' lang='lat' dir='ltr'><strong>loca</strong></span> <span class='ocrx_word' id='word_1_49' title='bbox 366 1381 433 1424; x_wconf 90' lang='lat' dir='ltr'><strong>esse</strong></span> <span class='ocrx_word' id='word_1_50' title='bbox 450 1374 560 1448; x_wconf 88' lang='lat' dir='ltr'><strong>putat,</strong></span> <span class='ocrx_word' id='word_1_51' title='bbox 585 1381 684 1445; x_wconf 91' lang='lat' dir='ltr'><strong>quae,</strong></span> <span class='ocrx_word' id='word_1_52' title='bbox 707 1358 741 1420; x_wconf 92' lang='lat' dir='ltr'><strong>in</strong></span> <span class='ocrx_word' id='word_1_53' title='bbox 764 1355 1031 1420; x_wconf 81' lang='lat' dir='ltr'><strong>monasteriorum</strong></span> <span class='ocrx_word' id='word_1_54' title='bbox 1047 1377 1215 1419; x_wconf 88' lang='lat' dir='ltr'><strong>numerum</strong></span> <span class='ocrx_word' id='word_1_55' title='bbox 1233 1379 1305 1444; x_wconf 92' lang='lat' dir='ltr'><strong>per·</strong></span> 
     </span>
     <span class='ocr_line' id='line_1_9' title="bbox 275 1473 1304 1566; baseline -0.002 -24"><span class='ocrx_word' id='word_1_56' title='bbox 275 1501 386 1566; x_wconf 89' lang='lat' dir='ltr'><strong>peram</strong></span> <span class='ocrx_word' id='word_1_57' title='bbox 413 1476 589 1566; x_wconf 91' lang='lat' dir='ltr'><strong>adscripta,</strong></span> <span class='ocrx_word' id='word_1_58' title='bbox 619 1475 783 1564; x_wconf 78' lang='lat' dir='ltr'><strong>Synodion</strong></span> <span class='ocrx_word' id='word_1_59' title='bbox 807 1473 997 1539; x_wconf 88' lang='lat' dir='ltr'><strong>auctoritate</strong></span> <span class='ocrx_word' id='word_1_60' title='bbox 1031 1473 1065 1538; x_wconf 92' lang='lat' dir='ltr'><strong>in</strong></span> <span class='ocrx_word' id='word_1_61' title='bbox 1091 1475 1178 1538; x_wconf 91' lang='lat' dir='ltr'><strong>bunc</strong></span> <span class='ocrx_word' id='word_1_62' title='bbox 1210 1498 1304 1540; x_wconf 91' lang='lat' dir='ltr'><strong>usum</strong></span> 
     </span>
     <span class='ocr_line' id='line_1_10' title="bbox 276 1596 720 1684; baseline -0.007 -23"><span class='ocrx_word' id='word_1_63' title='bbox 276 1597 389 1661; x_wconf 91' lang='lat' dir='ltr'><strong>melius</strong></span> <span class='ocrx_word' id='word_1_64' title='bbox 411 1610 540 1684; x_wconf 87' lang='lat' dir='ltr'><strong>possent</strong></span> <span class='ocrx_word' id='word_1_65' title='bbox 562 1596 720 1660; x_wconf 89' lang='lat' dir='ltr'><strong>converti.</strong></span> 
     </span>
    </p>

    <p class='ocr_par' dir='ltr' id='par_1_3' title="bbox 277 1707 1401 4037">
     <span class='ocr_line' id='line_1_11' title="bbox 321 1707 1304 1799; baseline -0.003 -22"><span class='ocrx_word' id='word_1_66' title='bbox 321 1714 406 1777; x_wconf 91' lang='lat' dir='ltr'><strong>Data</strong></span> <span class='ocrx_word' id='word_1_67' title='bbox 431 1716 500 1799; x_wconf 91' lang='lat' dir='ltr'><strong>jam</strong></span> <span class='ocrx_word' id='word_1_68' title='bbox 523 1713 585 1776; x_wconf 93' lang='lat' dir='ltr'><strong>sibi</strong></span> <span class='ocrx_word' id='word_1_69' title='bbox 615 1711 806 1792; x_wconf 86' lang='lat' dir='ltr'><strong>occasione,</strong></span> <span class='ocrx_word' id='word_1_70' title='bbox 831 1709 932 1774; x_wconf 92' lang='lat' dir='ltr'><strong>multa</strong></span> <span class='ocrx_word' id='word_1_71' title='bbox 953 1709 1095 1796; x_wconf 89' lang='lat' dir='ltr'><strong>queritur</strong></span> <span class='ocrx_word' id='word_1_72' title='bbox 1119 1707 1160 1772; x_wconf 92' lang='lat' dir='ltr'><strong>de</strong></span> <span class='ocrx_word' id='word_1_73' title='bbox 1193 1731 1304 1774; x_wconf 86' lang='lat' dir='ltr'><strong>corru-</strong></span> 
     </span>
     <span class='ocr_line' id='line_1_12' title="bbox 277 1825 1304 1920; baseline -0.004 -24"><span class='ocrx_word' id='word_1_74' title='bbox 277 1833 389 1920; x_wconf 86' lang='lat' dir='ltr'><strong>ptione</strong></span> <span class='ocrx_word' id='word_1_75' title='bbox 422 1847 455 1896; x_wconf 89' lang='lat' dir='ltr'><strong>et</strong></span> <span class='ocrx_word' id='word_1_76' title='bbox 487 1831 587 1894; x_wconf 91' lang='lat' dir='ltr'><strong>abusu</strong></span> <span class='ocrx_word' id='word_1_77' title='bbox 617 1829 897 1894; x_wconf 85' lang='lat' dir='ltr'><strong>monasteriorum.</strong></span> <span class='ocrx_word' id='word_1_78' title='bbox 952 1825 1065 1914; x_wconf 82' lang='lat' dir='ltr'><strong>Neque</strong></span> <span class='ocrx_word' id='word_1_79' title='bbox 1097 1825 1169 1892; x_wconf 88' lang='lat' dir='ltr'><strong>Deo</strong></span> <span class='ocrx_word' id='word_1_80' title='bbox 1200 1850 1304 1914; x_wconf 90' lang='lat' dir='ltr'><strong>neque</strong></span> 
     </span>
     <span class='ocr_line' id='line_1_13' title="bbox 277 1943 1302 2033; baseline -0.005 -19"><span class='ocrx_word' id='word_1_81' title='bbox 277 1949 462 2014; x_wconf 90' lang='lat' dir='ltr'><strong>hominibus</strong></span> <span class='ocrx_word' id='word_1_82' title='bbox 486 1947 586 2012; x_wconf 89' lang='lat' dir='ltr'><strong>multa</strong></span> <span class='ocrx_word' id='word_1_83' title='bbox 613 1971 725 2012; x_wconf 90' lang='lat' dir='ltr'><strong>eorum</strong></span> <span class='ocrx_word' id='word_1_84' title='bbox 749 1946 838 2010; x_wconf 91' lang='lat' dir='ltr'><strong>utilia</strong></span> <span class='ocrx_word' id='word_1_85' title='bbox 865 1967 933 2010; x_wconf 90' lang='lat' dir='ltr'><strong>esse</strong></span> <span class='ocrx_word' id='word_1_86' title='bbox 961 1943 1057 2027; x_wconf 92' lang='lat' dir='ltr'><strong>dicit,</strong></span> <span class='ocrx_word' id='word_1_87' title='bbox 1081 1945 1198 2033; x_wconf 91' lang='lat' dir='ltr'><strong>quippe</strong></span> <span class='ocrx_word' id='word_1_88' title='bbox 1221 1967 1302 2031; x_wconf 90' lang='lat' dir='ltr'><strong>quae</strong></span> 
     </span>
     <span class='ocr_line' id='line_1_14' title="bbox 281 2061 1302 2158; baseline -0.005 -26"><span class='ocrx_word' id='word_1_89' title='bbox 281 2068 490 2132; x_wconf 84' lang='lat' dir='ltr'><strong>austeriorem</strong></span> <span class='ocrx_word' id='word_1_90' title='bbox 510 2066 744 2130; x_wconf 88' lang='lat' dir='ltr'><strong>monachorum</strong></span> <span class='ocrx_word' id='word_1_91' title='bbox 768 2061 895 2155; x_wconf 63' lang='lat' dir='ltr'><strong>visendi</strong></span> <span class='ocrx_word' id='word_1_92' title='bbox 915 2063 1074 2126; x_wconf 89' lang='lat' dir='ltr'><strong>rationem</strong></span> <span class='ocrx_word' id='word_1_93' title='bbox 1095 2063 1226 2158; x_wconf 84' lang='lat' dir='ltr'><strong>omnino</strong></span> <span class='ocrx_word' id='word_1_94' title='bbox 1245 2085 1302 2128; x_wconf 88' lang='lat' dir='ltr'><strong>ne·</strong></span> 
     </span>
     <span class='ocr_line' id='line_1_15' title="bbox 280 2179 1302 2275; baseline -0.003 -26"><span class='ocrx_word' id='word_1_95' title='bbox 280 2185 453 2275; x_wconf 83' lang='lat' dir='ltr'><strong>gligerent,</strong></span> <span class='ocrx_word' id='word_1_96' title='bbox 478 2207 538 2249; x_wconf 89' lang='lat' dir='ltr'><strong>nec</strong></span> <span class='ocrx_word' id='word_1_97' title='bbox 569 2184 638 2248; x_wconf 91' lang='lat' dir='ltr'><strong>usui</strong></span> <span class='ocrx_word' id='word_1_98' title='bbox 664 2181 800 2246; x_wconf 87' lang='lat' dir='ltr'><strong>seculari</strong></span> <span class='ocrx_word' id='word_1_99' title='bbox 829 2181 1029 2246; x_wconf 83' lang='lat' dir='ltr'><strong>inservirent.</strong></span> <span class='ocrx_word' id='word_1_100' title='bbox 1076 2179 1171 2246; x_wconf 90' lang='lat' dir='ltr'><strong>Unde</strong></span> <span class='ocrx_word' id='word_1_101' title='bbox 1195 2197 1302 2265; x_wconf 89' lang='lat' dir='ltr'><strong>tanta,</strong></span> 
     </span>
     <span class='ocr_line' id='line_1_16' title="bbox 280 2297 1308 2388; baseline 0 -24"><span class='ocrx_word' id='word_1_102' title='bbox 280 2316 318 2364; x_wconf 91' lang='lat' dir='ltr'><strong>ut</strong></span> <span class='ocrx_word' id='word_1_103' title='bbox 338 2301 402 2382; x_wconf 91' lang='lat' dir='ltr'><strong>ait,</strong></span> <span class='ocrx_word' id='word_1_104' title='bbox 427 2302 588 2364; x_wconf 86' lang='lat' dir='ltr'><strong>exstiterat</strong></span> <span class='ocrx_word' id='word_1_105' title='bbox 603 2316 707 2364; x_wconf 89' lang='lat' dir='ltr'><strong>terrae</strong></span> <span class='ocrx_word' id='word_1_106' title='bbox 722 2300 850 2388; x_wconf 92' lang='lat' dir='ltr'><strong>inopia,</strong></span> <span class='ocrx_word' id='word_1_107' title='bbox 876 2315 913 2363; x_wconf 91' lang='lat' dir='ltr'><strong>ut</strong></span> <span class='ocrx_word' id='word_1_108' title='bbox 925 2297 983 2362; x_wconf 86' lang='lat' dir='ltr'><strong>filii</strong></span> <span class='ocrx_word' id='word_1_109' title='bbox 1000 2299 1158 2363; x_wconf 89' lang='lat' dir='ltr'><strong>nobilium</strong></span> <span class='ocrx_word' id='word_1_110' title='bbox 1183 2315 1237 2363; x_wconf 91' lang='lat' dir='ltr'><strong>aut</strong></span> <span class='ocrx_word' id='word_1_111' title='bbox 1250 2299 1308 2364; x_wconf 89' lang='lat' dir='ltr'><strong>mi·</strong></span> 
     </span>
     <span class='ocr_line' id='line_1_17' title="bbox 279 2415 1308 2506; baseline -0.001 -24"><span class='ocrx_word' id='word_1_112' title='bbox 279 2417 352 2483; x_wconf 89' lang='lat' dir='ltr'><strong>lites</strong></span> <span class='ocrx_word' id='word_1_113' title='bbox 374 2417 500 2482; x_wconf 85' lang='lat' dir='ltr'><strong>emeriti</strong></span> <span class='ocrx_word' id='word_1_114' title='bbox 526 2416 614 2481; x_wconf 89' lang='lat' dir='ltr'><strong>nulla</strong></span> <span class='ocrx_word' id='word_1_115' title='bbox 638 2418 836 2505; x_wconf 87' lang='lat' dir='ltr'><strong>possessione</strong></span> <span class='ocrx_word' id='word_1_116' title='bbox 860 2432 990 2506; x_wconf 90' lang='lat' dir='ltr'><strong>possent</strong></span> <span class='ocrx_word' id='word_1_117' title='bbox 1011 2415 1144 2500; x_wconf 90' lang='lat' dir='ltr'><strong>donari,</strong></span> <span class='ocrx_word' id='word_1_118' title='bbox 1168 2416 1227 2484; x_wconf 86' lang='lat' dir='ltr'><strong>sed</strong></span> <span class='ocrx_word' id='word_1_119' title='bbox 1256 2440 1308 2482; x_wconf 86' lang='lat' dir='ltr'><strong>va-</strong></span> 
     </span>
     <span class='ocr_line' id='line_1_18' title="bbox 281 2531 1308 2625; baseline -0.004 -25"><span class='ocrx_word' id='word_1_120' title='bbox 281 2550 389 2600; x_wconf 88' lang='lat' dir='ltr'><strong>cantes</strong></span> <span class='ocrx_word' id='word_1_121' title='bbox 408 2551 440 2600; x_wconf 92' lang='lat' dir='ltr'><strong>et</strong></span> <span class='ocrx_word' id='word_1_122' title='bbox 459 2536 526 2600; x_wconf 91' lang='lat' dir='ltr'><strong>sine</strong></span> <span class='ocrx_word' id='word_1_123' title='bbox 549 2535 699 2625; x_wconf 87' lang='lat' dir='ltr'><strong>conjugio</strong></span> <span class='ocrx_word' id='word_1_124' title='bbox 719 2534 857 2624; x_wconf 85' lang='lat' dir='ltr'><strong>patriam</strong></span> <span class='ocrx_word' id='word_1_125' title='bbox 873 2534 1103 2621; x_wconf 89' lang='lat' dir='ltr'><strong>relinquerent,</strong></span> <span class='ocrx_word' id='word_1_126' title='bbox 1124 2534 1193 2616; x_wconf 86' lang='lat' dir='ltr'><strong>vel,</strong></span> <span class='ocrx_word' id='word_1_127' title='bbox 1217 2531 1308 2621; x_wconf 93' lang='lat' dir='ltr'><strong>quod</strong></span> 
     </span>
     <span class='ocr_line' id='line_1_19' title="bbox 280 2649 1401 2744; baseline -0.003 -28"><span class='ocrx_word' id='word_1_128' title='bbox 280 2655 371 2741; x_wconf 88' lang='lat' dir='ltr'><strong>pejus</strong></span> <span class='ocrx_word' id='word_1_129' title='bbox 393 2667 488 2732; x_wconf 90' lang='lat' dir='ltr'><strong>esset,</strong></span> <span class='ocrx_word' id='word_1_130' title='bbox 512 2652 658 2741; x_wconf 83' lang='lat' dir='ltr'><strong>ignaviae</strong></span> <span class='ocrx_word' id='word_1_131' title='bbox 683 2651 870 2740; x_wconf 86' lang='lat' dir='ltr'><strong>libidinique</strong></span> <span class='ocrx_word' id='word_1_132' title='bbox 895 2650 1108 2742; x_wconf 84' lang='lat' dir='ltr'><strong>indulgerent.</strong></span> <span class='ocrx_word' id='word_1_133' title='bbox 1154 2649 1218 2716; x_wconf 89' lang='lat' dir='ltr'><strong>Sed</strong></span> <span class='ocrx_word' id='word_1_134' title='bbox 1237 2673 1306 2740; x_wconf 81' lang='lat' dir='ltr'><strong>gra-</strong></span> <span class='ocrx_word' id='word_1_135' title='bbox 1397 2739 1401 2744; x_wconf 25' lang='grc'><strong>,</strong></span> 
     </span>
     <span class='ocr_line' id='line_1_20' title="bbox 278 2768 1307 2858; baseline 0 -26"><span class='ocrx_word' id='word_1_136' title='bbox 278 2769 349 2832; x_wconf 87' lang='lat' dir='ltr'><strong>vius</strong></span> <span class='ocrx_word' id='word_1_137' title='bbox 362 2769 460 2834; x_wconf 87' lang='lat' dir='ltr'><strong>etiam</strong></span> <span class='ocrx_word' id='word_1_138' title='bbox 475 2791 495 2832; x_wconf 90' lang='lat' dir='ltr'><strong>a</strong></span> <span class='ocrx_word' id='word_1_139' title='bbox 507 2768 696 2856; x_wconf 88' lang='lat' dir='ltr'><strong>quibusdam</strong></span> <span class='ocrx_word' id='word_1_140' title='bbox 712 2771 774 2834; x_wconf 90' lang='lat' dir='ltr'><strong>bac</strong></span> <span class='ocrx_word' id='word_1_141' title='bbox 793 2770 828 2832; x_wconf 91' lang='lat' dir='ltr'><strong>in</strong></span> <span class='ocrx_word' id='word_1_142' title='bbox 843 2792 879 2833; x_wconf 90' lang='lat' dir='ltr'><strong>re</strong></span> <span class='ocrx_word' id='word_1_143' title='bbox 893 2769 1104 2857; x_wconf 87' lang='lat' dir='ltr'><strong>peccabatur,</strong></span> <span class='ocrx_word' id='word_1_144' title='bbox 1123 2770 1193 2858; x_wconf 90' lang='lat' dir='ltr'><strong>qui,</strong></span> <span class='ocrx_word' id='word_1_145' title='bbox 1208 2791 1307 2856; x_wconf 89' lang='lat' dir='ltr'><strong>quum</strong></span> 
     </span>
     <span class='ocr_line' id='line_1_21' title="bbox 280 2885 1307 2978; baseline -0.001 -27"><span class='ocrx_word' id='word_1_146' title='bbox 280 2885 387 2951; x_wconf 89' lang='lat' dir='ltr'><strong>studio</strong></span> <span class='ocrx_word' id='word_1_147' title='bbox 415 2909 483 2952; x_wconf 90' lang='lat' dir='ltr'><strong>non</strong></span> <span class='ocrx_word' id='word_1_148' title='bbox 507 2889 606 2978; x_wconf 84' lang='lat' dir='ltr'><strong>magis</strong></span> <span class='ocrx_word' id='word_1_149' title='bbox 631 2909 727 2976; x_wconf 89' lang='lat' dir='ltr'><strong>quam</strong></span> <span class='ocrx_word' id='word_1_150' title='bbox 751 2910 809 2952; x_wconf 91' lang='lat' dir='ltr'><strong>usu</strong></span> <span class='ocrx_word' id='word_1_151' title='bbox 833 2885 875 2951; x_wconf 91' lang='lat' dir='ltr'><strong>ad</strong></span> <span class='ocrx_word' id='word_1_152' title='bbox 899 2887 1020 2952; x_wconf 88' lang='lat' dir='ltr'><strong>clerum</strong></span> <span class='ocrx_word' id='word_1_153' title='bbox 1047 2887 1100 2951; x_wconf 86' lang='lat' dir='ltr'><strong>vel</strong></span> <span class='ocrx_word' id='word_1_154' title='bbox 1129 2885 1170 2951; x_wconf 92' lang='lat' dir='ltr'><strong>ad</strong></span> <span class='ocrx_word' id='word_1_155' title='bbox 1194 2908 1307 2951; x_wconf 89' lang='lat' dir='ltr'><strong>mona-</strong></span> 
     </span>
     <span class='ocr_line' id='line_1_22' title="bbox 281 3004 1304 3095; baseline 0.002 -27"><span class='ocrx_word' id='word_1_156' title='bbox 281 3005 359 3068; x_wconf 89' lang='lat' dir='ltr'><strong>chos</strong></span> <span class='ocrx_word' id='word_1_157' title='bbox 382 3006 598 3093; x_wconf 87' lang='lat' dir='ltr'><strong>pertinerent,</strong></span> <span class='ocrx_word' id='word_1_158' title='bbox 624 3004 844 3070; x_wconf 89' lang='lat' dir='ltr'><strong>construendis</strong></span> <span class='ocrx_word' id='word_1_159' title='bbox 866 3020 990 3094; x_wconf 83' lang='lat' dir='ltr'><strong>tamen,</strong></span> <span class='ocrx_word' id='word_1_160' title='bbox 1016 3021 1051 3070; x_wconf 92' lang='lat' dir='ltr'><strong>ut</strong></span> <span class='ocrx_word' id='word_1_161' title='bbox 1070 3027 1149 3095; x_wconf 90' lang='lat' dir='ltr'><strong>prae</strong></span> <span class='ocrx_word' id='word_1_162' title='bbox 1169 3027 1203 3070; x_wconf 87' lang='lat' dir='ltr'><strong>se</strong></span> <span class='ocrx_word' id='word_1_163' title='bbox 1222 3004 1304 3072; x_wconf 86' lang='lat' dir='ltr'><strong>ferc-</strong></span> 
     </span>
     <span class='ocr_line' id='line_1_23' title="bbox 280 3121 1306 3213; baseline 0.002 -29"><span class='ocrx_word' id='word_1_164' title='bbox 280 3122 375 3204; x_wconf 90' lang='lat' dir='ltr'><strong>bant,</strong></span> <span class='ocrx_word' id='word_1_165' title='bbox 400 3123 599 3187; x_wconf 88' lang='lat' dir='ltr'><strong>monasteriis</strong></span> <span class='ocrx_word' id='word_1_166' title='bbox 623 3137 724 3186; x_wconf 91' lang='lat' dir='ltr'><strong>terras</strong></span> <span class='ocrx_word' id='word_1_167' title='bbox 747 3122 808 3187; x_wconf 90' lang='lat' dir='ltr'><strong>sibi</strong></span> <span class='ocrx_word' id='word_1_168' title='bbox 830 3125 1082 3213; x_wconf 87' lang='lat' dir='ltr'><strong>comparabant,</strong></span> <span class='ocrx_word' id='word_1_169' title='bbox 1108 3121 1186 3210; x_wconf 91' lang='lat' dir='ltr'><strong>quin</strong></span> <span class='ocrx_word' id='word_1_170' title='bbox 1210 3123 1306 3187; x_wconf 88' lang='lat' dir='ltr'><strong>etiam</strong></span> 
     </span>
     <span class='ocr_line' id='line_1_24' title="bbox 282 3215 1308 3330; baseline 0 -26"><span class='ocrx_word' id='word_1_171' title='bbox 282 3241 425 3330; x_wconf 83' lang='lat' dir='ltr'><strong>Regum,</strong></span> <span class='ocrx_word' id='word_1_172' title='bbox 450 3239 645 3306; x_wconf 85' lang='lat' dir='ltr'><strong>Pontificum</strong></span> <span class='ocrx_word' id='word_1_173' title='bbox 670 3257 703 3306; x_wconf 92' lang='lat' dir='ltr'><strong>et</strong></span> <span class='ocrx_word' id='word_1_174' title='bbox 723 3241 886 3307; x_wconf 89' lang='lat' dir='ltr'><strong>Abbatum</strong></span> <span class='ocrx_word' id='word_1_175' title='bbox 910 3215 1023 3306; x_wconf 91' lang='lat' dir='ltr'><strong>edictis</strong></span> <span class='ocrx_word' id='word_1_176' title='bbox 1047 3255 1113 3304; x_wconf 91' lang='lat' dir='ltr'><strong>tam</strong></span> <span class='ocrx_word' id='word_1_177' title='bbox 1132 3239 1193 3302; x_wconf 93' lang='lat' dir='ltr'><strong>sibi</strong></span> <span class='ocrx_word' id='word_1_178' title='bbox 1212 3260 1308 3326; x_wconf 86' lang='lat' dir='ltr'><strong>quem</strong></span> 
     </span>
     <span class='ocr_line' id='line_1_25' title="bbox 280 3357 1307 3444; baseline -0.003 -21"><span class='ocrx_word' id='word_1_179' title='bbox 280 3358 451 3424; x_wconf 90' lang='lat' dir='ltr'><strong>heredibus</strong></span> <span class='ocrx_word' id='word_1_180' title='bbox 469 3382 521 3424; x_wconf 89' lang='lat' dir='ltr'><strong>eas</strong></span> <span class='ocrx_word' id='word_1_181' title='bbox 542 3357 775 3423; x_wconf 87' lang='lat' dir='ltr'><strong>confirmandas</strong></span> <span class='ocrx_word' id='word_1_182' title='bbox 796 3361 962 3425; x_wconf 87' lang='lat' dir='ltr'><strong>curabant.</strong></span> <span class='ocrx_word' id='word_1_183' title='bbox 988 3361 1050 3424; x_wconf 86' lang='lat' dir='ltr'><strong>Ista</strong></span> <span class='ocrx_word' id='word_1_184' title='bbox 1063 3360 1098 3423; x_wconf 95' lang='lat' dir='ltr'><strong>in</strong></span> <span class='ocrx_word' id='word_1_185' title='bbox 1116 3358 1205 3440; x_wconf 91' lang='lat' dir='ltr'><strong>loca,</strong></span> <span class='ocrx_word' id='word_1_186' title='bbox 1226 3379 1307 3444; x_wconf 90' lang='lat' dir='ltr'><strong>quae</strong></span> 
     </span>
     <span class='ocr_line' id='line_1_26' title="bbox 281 3475 1304 3564; baseline -0.001 -26"><span class='ocrx_word' id='word_1_187' title='bbox 281 3475 362 3540; x_wconf 87' lang='lat' dir='ltr'><strong>falso</strong></span> <span class='ocrx_word' id='word_1_188' title='bbox 387 3477 517 3540; x_wconf 90' lang='lat' dir='ltr'><strong>nomine</strong></span> <span class='ocrx_word' id='word_1_189' title='bbox 539 3475 735 3539; x_wconf 88' lang='lat' dir='ltr'><strong>Monasteria</strong></span> <span class='ocrx_word' id='word_1_190' title='bbox 759 3475 925 3559; x_wconf 91' lang='lat' dir='ltr'><strong>dicebant,</strong></span> <span class='ocrx_word' id='word_1_191' title='bbox 951 3475 1154 3564; x_wconf 88' lang='lat' dir='ltr'><strong>excipiebant</strong></span> <span class='ocrx_word' id='word_1_192' title='bbox 1175 3495 1304 3556; x_wconf 88' lang='lat' dir='ltr'><strong>omnes,</strong></span> 
     </span>
     <span class='ocr_line' id='line_1_27' title="bbox 280 3585 1308 3683; baseline -0.001 -27"><span class='ocrx_word' id='word_1_193' title='bbox 280 3594 362 3656; x_wconf 89' lang='lat' dir='ltr'><strong>veris</strong></span> <span class='ocrx_word' id='word_1_194' title='bbox 384 3585 598 3656; x_wconf 78' lang='lat' dir='ltr'><strong>¹monasteriis</strong></span> <span class='ocrx_word' id='word_1_195' title='bbox 631 3594 797 3682; x_wconf 86' lang='lat' dir='ltr'><strong>expulsos,</strong></span> <span class='ocrx_word' id='word_1_196' title='bbox 832 3610 864 3660; x_wconf 89' lang='lat' dir='ltr'><strong>ct</strong></span> <span class='ocrx_word' id='word_1_197' title='bbox 891 3617 1117 3683; x_wconf 89' lang='lat' dir='ltr'><strong>quoscunque,</strong></span> <span class='ocrx_word' id='word_1_198' title='bbox 1152 3592 1308 3683; x_wconf 89' lang='lat' dir='ltr'><strong>promissa</strong></span> 
     </span>
     <span class='ocr_line' id='line_1_28' title="bbox 284 3705 1307 3800; baseline 0.004 -28"><span class='ocrx_word' id='word_1_199' title='bbox 284 3707 483 3792; x_wconf 91' lang='lat' dir='ltr'><strong>obedientia,</strong></span> <span class='ocrx_word' id='word_1_200' title='bbox 506 3705 545 3774; x_wconf 90' lang='lat' dir='ltr'><strong>ad</strong></span> <span class='ocrx_word' id='word_1_201' title='bbox 564 3710 798 3800; x_wconf 88' lang='lat' dir='ltr'><strong>suscipiendam</strong></span> <span class='ocrx_word' id='word_1_202' title='bbox 818 3729 983 3777; x_wconf 89' lang='lat' dir='ltr'><strong>tonsuram</strong></span> <span class='ocrx_word' id='word_1_203' title='bbox 994 3711 1147 3776; x_wconf 89' lang='lat' dir='ltr'><strong>inducere</strong></span> <span class='ocrx_word' id='word_1_204' title='bbox 1163 3726 1307 3800; x_wconf 89' lang='lat' dir='ltr'><strong>possent.</strong></span> 
     </span>
     <span class='ocr_line' id='line_1_29' title="bbox 286 3824 1311 3917; baseline 0.003 -27"><span class='ocrx_word' id='word_1_205' title='bbox 286 3824 390 3890; x_wconf 86' lang='lat' dir='ltr'><strong>Malae</strong></span> <span class='ocrx_word' id='word_1_206' title='bbox 418 3827 492 3891; x_wconf 91' lang='lat' dir='ltr'><strong>huic</strong></span> <span class='ocrx_word' id='word_1_207' title='bbox 518 3828 742 3894; x_wconf 90' lang='lat' dir='ltr'><strong>consuetudini</strong></span> <span class='ocrx_word' id='word_1_208' title='bbox 774 3846 828 3894; x_wconf 91' lang='lat' dir='ltr'><strong>aut</strong></span> <span class='ocrx_word' id='word_1_209' title='bbox 856 3829 1029 3896; x_wconf 84' lang='lat' dir='ltr'><strong>Pontifices</strong></span> <span class='ocrx_word' id='word_1_210' title='bbox 1056 3845 1110 3896; x_wconf 90' lang='lat' dir='ltr'><strong>aut</strong></span> <span class='ocrx_word' id='word_1_211' title='bbox 1142 3829 1311 3917; x_wconf 89' lang='lat' dir='ltr'><strong>Synodum</strong></span> 
     </span>
     <span class='ocr_line' id='line_1_30' title="bbox 286 3945 1310 4037; baseline 0.002 -31"><span class='ocrx_word' id='word_1_212' title='bbox 286 3966 342 4006; x_wconf 86' lang='lat' dir='ltr'><strong>sua</strong></span> <span class='ocrx_word' id='word_1_213' title='bbox 376 3945 564 4009; x_wconf 89' lang='lat' dir='ltr'><strong>auctoritate</strong></span> <span class='ocrx_word' id='word_1_214' title='bbox 593 3945 745 4011; x_wconf 85' lang='lat' dir='ltr'><strong>facillime</strong></span> <span class='ocrx_word' id='word_1_215' title='bbox 773 3945 870 4012; x_wconf 88' lang='lat' dir='ltr'><strong>finem</strong></span> <span class='ocrx_word' id='word_1_216' title='bbox 895 3949 1062 4037; x_wconf 89' lang='lat' dir='ltr'><strong>imponere</strong></span> <span class='ocrx_word' id='word_1_217' title='bbox 1089 3970 1200 4037; x_wconf 89' lang='lat' dir='ltr'><strong>posse,</strong></span> <span class='ocrx_word' id='word_1_218' title='bbox 1224 3969 1310 4010; x_wconf 73' lang='lat' dir='ltr'><strong>nana</strong></span> 
     </span>
    </p>
   </div>
   <div class='ocr_carea' id='block_1_3' title="bbox 291 4175 1313 4274">
    <p class='ocr_par' dir='ltr' id='par_1_4' title="bbox 291 4175 1313 4274">
     <span class='ocr_line' id='line_1_31' title="bbox 291 4175 1313 4274; baseline 0.01 -35"><span class='ocrx_word' id='word_1_219' title='bbox 291 4175 440 4243; x_wconf 88' lang='lat' dir='ltr'><strong>adsentiri</strong></span> <span class='ocrx_word' id='word_1_220' title='bbox 463 4197 495 4245; x_wconf 90' lang='lat' dir='ltr'><strong>et</strong></span> <span class='ocrx_word' id='word_1_221' title='bbox 515 4205 612 4270; x_wconf 90' lang='lat' dir='ltr'><strong>opem</strong></span> <span class='ocrx_word' id='word_1_222' title='bbox 632 4182 715 4249; x_wconf 88' lang='lat' dir='ltr'><strong>ferre</strong></span> <span class='ocrx_word' id='word_1_223' title='bbox 738 4185 962 4274; x_wconf 85' lang='lat' dir='ltr'><strong>reperirentur.</strong></span> <span class='ocrx_word' id='word_1_224' title='bbox 1011 4185 1194 4252; x_wconf 79' lang='lat' dir='ltr'><strong>Ecauurruu</strong></span> <span class='ocrx_word' id='word_1_225' title='bbox 1213 4182 1313 4270; x_wconf 81' lang='lat' dir='ltr'><strong>igitur</strong></span> 
     </span>
    </p>
   </div>
   <div class='ocr_carea' id='block_1_4' title="bbox 0 0 1464 5284">
    <p class='ocr_par' dir='ltr' id='par_1_5' title="bbox 0 0 1464 5284">
     <span class='ocr_line' id='line_1_32' title="bbox 0 0 1464 5284; baseline 0 0"><span class='ocrx_word' id='word_1_226' title='bbox 0 0 1464 5284; x_wconf 95' lang='lat' dir='ltr'><strong> </strong></span> 
     </span>
    </p>
   </div>
  </div>
 </body>
</html>
