2900 5278
652 439 699 506 ib*

164 627 222 692 tati
239 630 306 691 riou
319 621 472 689 inviderit
489 621 548 712 (ι).
585 621 639 686 Sic
653 622 750 712 igitur
765 628 887 688 narrati
912 623 1086 690 «Cuncturh
1101 622 1199 692 vitas·

163 760 288 832 ternpus
322 743 356 806 in
390 739 533 828 ejusdem
563 740 748 804 monasterii
786 740 984 806 habitatione
1014 765 1199 831 perageres

165 883 297 925 omnem
307 856 500 924 meditandis
507 857 677 948 Scripturis
691 879 823 946 operam
833 854 920 939 dedi3
933 873 1028 945 atque
1039 859 1122 924 inter
1130 860 1186 924 ob-

165 979 359 1045 servantiam
380 975 565 1065 disciplinae
587 973 738 1064 regularis
755 989 788 1038 et
806 972 1025 1061 quotidianam
1040 973 1189 1040 cantandi

164 1095 200 1161 in
218 1095 353 1160 ecclesia
368 1115 494 1174 cruam,
518 1101 643 1180 semper
661 1104 715 1154 aut
737 1089 876 1173 discere,
899 1106 954 1154 aut
976 1088 1115 1175 docere,
1134 1107 1200 1156 aut·

167 1213 307 1276 scribere
330 1208 431 1277 dulce¹
447 1208 557 1274 habui.
603 1207 701 1273 Nono
726 1205 854 1272 decimo
876 1224 982 1274 autem
998 1210 1083 1274 vitae
1097 1232 1188 1276 meae
1234 1297 1237 1306 1

165 1349 250 1390 anno
265 1326 496 1408 Diaconatum,
513 1325 675 1390 tricesimo
689 1325 823 1414 gradum
834 1325 1088 1414 Presbyteratus‚
1106 1325 1141 1414 (i.
1156 1349 1187 1392 e.

165 1445 207 1510 A.
224 1445 287 1530 691
301 1460 334 1510 et
349 1453 414 1533 7021
425 1444 633 1532 ,)'utmmque
648 1467 708 1532 per
723 1444 933 1510 ministerium
943 1445 1189 1510 reverentissimi

166 1563 319 1652 Episcopi
339 1584 492 1644 roannrs,
516 1564 648 1648 jubente
672 1584 856 1626 ononrnmo
879 1563 1026 1645 Abbate,
1050 1564 1186 1652 suscepi.

169 1681 218 1744 Ex
235 1703 298 1769 quo
321 1695 469 1769 tempore
485 1680 610 1769 accepti
630 1679 869 1768 Presbyteratus
890 1703 989 1768 usque
1007 1679 1048 1745 ad
1070 1703 1189 1746 annum

168 1798 280 1862 aetatis
303 1820 395 1862 meae
419 1797 715 1886 quinquagesimum
734 1809 875 1880 nonum,
899 1799 979 1862 baec
994 1799 1029 1862 in
1052 1797 1191 1887 Scriptu-

168 1937 238 1980 ram
261 1915 412 1980 Sanctam
424 1938 529 1986 ,meae
552 1938 761 2002 meommque
778 1916 958 1981 necessitati
977 1939 1016 1981 ex
1031 1917 1200 2005 opusculis.

168 2032 408 2098 Venerabilium
430 2033 562 2098 Patrum
582 2034 722 2098 breviter
745 2031 917 2116 adnotare,
941 2035 1006 2100 sive
1028 2036 1124 2100 etiam
1149 2034 1191 2099 ad

169 2149 307 2222 formam
332 2174 439 2216 sensus
468 2167 500 2216 et
524 2151 796 2240 interpretationis
823 2173 936 2216 eorum
961 2150 1192 2242 superadjicere

170 2269 296 2334 curavi»
318 2268 377 2358 (a).
429 2270 518 2334 Haec
542 2271 624 2357 ipsis
639 2291 743 2334 annas
763 2269 867 2334 verbis
886 2268 1004 2334 referre
1024 2269 1103 2334 mihi
1121 2270 1191 2360 pla·

173 2386 255 2469 cuit,
282 2384 323 2450 de
342 2389 408 2472 ejus
428 2385 579 2474 operibus
594 2401 627 2450 et
643 2384 796 2450 industria
812 2385 896 2450 infra
910 2387 1103 2453 notabimus.
1145 2389 1193 2453 Ea
1266 2399 1271 2407 '

167 2505 223 2570 illa
257 2519 363 2568 autem
400 2503 583 2568 narratione
617 2503 692 2568 satis
720 2502 922 2568 manifestum
953 2525 1019 2568 esse
1047 2503 1190 2589 videtur,

169 2643 281 2688 sanan
294 2622 415 2686 nullam
435 2621 502 2685 fere
519 2635 592 2686 ante
615 2621 811 2711 trigesimum
831 2621 942 2686 aetatis
964 2644 1082 2686 annum
1103 2623 1194 2689 libris

171 2736 406 2804 conscribendis
430 2759 563 2827 operam
584 2736 720 2804 dedisse.
767 2740 920 2804 Attamen
940 2740 1072 2826 juvenili
1088 2756 1191 2808 aetate

167 2859 233 2942 jam
248 2856 367 2945 ingenii
382 2879 444 2921 nec
459 2856 565 2920 minus
581 2857 811 2921 sanctimoniae
824 2855 951 2921 laudem
964 2858 1086 2923 habuit.
1124 2859 1192 2922 Un-

168 2967 363 3039 devicesimo
380 2973 483 3056 enim,
507 2988 543 3037 ut
558 2970 710 3056 vidimus,
734 2973 845 3038 aetatis
860 2995 944 3038 anno
954 2975 1022 3059 jam
1039 2971 1192 3040 diaconus

169 3089 335 3156 ordinatus
357 3105 423 3172 est,
457 3091 598 3176 quamvis
623 3113 761 3155 canones
788 3091 1048 3179 praescribebant
1075 3115 1194 3158 annum

170 3208 357 3298 vigesimum
377 3206 541 3294 quintum:
567 3221 599 3270 et
622 3206 725 3270 nullus
741 3209 922 3295 exceptioni
938 3209 1029 3274 locus
1043 3209 1196 3295 dabatur,

168 3327 228 3391 nisi
254 3327 297 3389 ob
322 3323 484 3389 insolitam
506 3325 735 3412 praestantiam
761 3346 890 3406 eorum,
920 3327 974 3411 qui
999 3325 1194 3392 ordinandos

169 3464 203 3507 se
226 3444 379 3507 sistebant
399 3440 457 3530 (3).
505 3443 638 3506 Abbatis
666 3457 771 3506 autem
798 3439 941 3506 officium
968 3465 1029 3530 pro
1057 3467 1192 3535 magno,

170 3582 235 3648 quo
259 3558 432 3649 flagrabat,
460 3559 587 3649 legendi
614 3558 839 3646 scribendique
866 3583 976 3625 amoro
1004 3563 1194 3629 recusavisse

171 3675 304 3762 dicitur,
327 3701 389 3761 ne,
415 3677 499 3742 curis
513 3679 560 3744 rei
576 3677 740 3742 familiaris
756 3676 941 3763 distractis,
966 3677 1076 3744 studiis
1091 3682 1194 3747 minus

173 4034 176 4040 ‚
211 3997 252 4065 (1)
274 3996 315 4048 De
334 3999 405 4048 Gert.
420 3997 488 4060 Reg.
504 3996 590 4060 Angl.
604 3993 634 4046 L.
648 3993 670 4046 Ι.
684 4012 708 4049 c.
721 3995 748 4046 3.
762 4013 789 4065 p.
804 3995 847 4046 22.

209 4080 252 4148 (ἱ)
274 4079 353 4150 Oper.
369 4081 443 4132 rom.
458 4079 505 4131 111.
518 4097 545 4147 p.
559 4080 621 4130 151.
655 4079 739 4133 Sarra
751 4097 780 4150 p.
795 4077 855 4130 222.

211 4165 253 4234 (3)
273 4163 382 4218 Manita.
399 4167 459 4220 Act.
476 4164 573 4218 Bened.
587 4163 606 4214 l.
621 4161 639 4212 l.
