<?xml version="1.0" encoding="UTF-8"?>
<!DOCTYPE html PUBLIC "-//W3C//DTD XHTML 1.0 Transitional//EN"
    "http://www.w3.org/TR/xhtml1/DTD/xhtml1-transitional.dtd">
<html xmlns="http://www.w3.org/1999/xhtml" xml:lang="en" lang="en">
 <head>
  <title>
</title>
<meta http-equiv="Content-Type" content="text/html;charset=utf-8" />
  <meta name='ocr-system' content='tesseract 3.04.00' />
  <meta name='ocr-capabilities' content='ocr_page ocr_carea ocr_par ocr_line ocrx_word'/>
</head>
<body>
  <div class='ocr_page' id='page_1' title='image "./disputatiohisto00gehlgoog_0064.png"; bbox 0 0 2918 5284; ppageno 0'>
   <div class='ocr_carea' id='block_1_1' title="bbox 746 443 831 534">
    <p class='ocr_par' dir='ltr' id='par_1_1' title="bbox 746 443 831 534">
     <span class='ocr_line' id='line_1_1' title="bbox 746 443 831 534; baseline 0 0"><span class='ocrx_word' id='word_1_1' title='bbox 746 443 831 534; x_wconf 75' lang='lat' dir='ltr'><strong>&#39;sa</strong></span> 
     </span>
    </p>
   </div>
   <div class='ocr_carea' id='block_1_2' title="bbox 295 653 1324 1214">
    <p class='ocr_par' dir='ltr' id='par_1_2' title="bbox 295 653 1324 1214">
     <span class='ocr_line' id='line_1_2' title="bbox 297 653 1323 749; baseline 0.002 -25"><span class='ocrx_word' id='word_1_2' title='bbox 297 679 393 749; x_wconf 88' lang='lat' dir='ltr'><strong>quam</strong></span> <span class='ocrx_word' id='word_1_3' title='bbox 428 657 502 740; x_wconf 87' lang='lat' dir='ltr'><strong>alii,</strong></span> <span class='ocrx_word' id='word_1_4' title='bbox 535 676 641 720; x_wconf 88' lang='lat' dir='ltr'><strong>sumus</strong></span> <span class='ocrx_word' id='word_1_5' title='bbox 676 653 825 738; x_wconf 85' lang='lat' dir='ltr'><strong>solliciti,</strong></span> <span class='ocrx_word' id='word_1_6' title='bbox 864 677 924 718; x_wconf 86' lang='lat' dir='ltr'><strong>nec</strong></span> <span class='ocrx_word' id='word_1_7' title='bbox 963 653 1005 719; x_wconf 88' lang='lat' dir='ltr'><strong>de</strong></span> <span class='ocrx_word' id='word_1_8' title='bbox 1039 679 1142 722; x_wconf 77' lang='lat' dir='ltr'><strong>aaran</strong></span> <span class='ocrx_word' id='word_1_9' title='bbox 1178 662 1323 726; x_wconf 80' lang='lat' dir='ltr'><strong>concivis</strong></span> 
     </span>
     <span class='ocr_line' id='line_1_3' title="bbox 296 770 1321 862; baseline 0.002 -20"><span class='ocrx_word' id='word_1_10' title='bbox 296 778 417 842; x_wconf 89' lang='lat' dir='ltr'><strong>meritis</strong></span> <span class='ocrx_word' id='word_1_11' title='bbox 454 791 548 862; x_wconf 87' lang='lat' dir='ltr'><strong>atque</strong></span> <span class='ocrx_word' id='word_1_12' title='bbox 584 770 763 838; x_wconf 81' lang='lat' dir='ltr'><strong>eruditione</strong></span> <span class='ocrx_word' id='word_1_13' title='bbox 800 772 904 834; x_wconf 85' lang='lat' dir='ltr'><strong>minus</strong></span> <span class='ocrx_word' id='word_1_14' title='bbox 943 772 1112 861; x_wconf 86' lang='lat' dir='ltr'><strong>magnifice</strong></span> <span class='ocrx_word' id='word_1_15' title='bbox 1156 778 1321 843; x_wconf 88' lang='lat' dir='ltr'><strong>sentimus.</strong></span> 
     </span>
     <span class='ocr_line' id='line_1_4' title="bbox 295 891 1322 983; baseline 0.002 -25"><span class='ocrx_word' id='word_1_16' title='bbox 295 895 441 983; x_wconf 90' lang='lat' dir='ltr'><strong>Scriptor</strong></span> <span class='ocrx_word' id='word_1_17' title='bbox 467 915 605 982; x_wconf 88' lang='lat' dir='ltr'><strong>nuperus</strong></span> <span class='ocrx_word' id='word_1_18' title='bbox 634 913 768 956; x_wconf 71' lang='lat' dir='ltr'><strong>cassum</strong></span> <span class='ocrx_word' id='word_1_19' title='bbox 795 911 898 956; x_wconf 82' lang='lat' dir='ltr'><strong>onum</strong></span> <span class='ocrx_word' id='word_1_20' title='bbox 928 891 1020 954; x_wconf 87' lang='lat' dir='ltr'><strong>nobis</strong></span> <span class='ocrx_word' id='word_1_21' title='bbox 1046 892 1081 954; x_wconf 92' lang='lat' dir='ltr'><strong>in</strong></span> <span class='ocrx_word' id='word_1_22' title='bbox 1109 895 1322 981; x_wconf 91' lang='lat' dir='ltr'><strong>opprobrium</strong></span> 
     </span>
     <span class='ocr_line' id='line_1_5' title="bbox 295 1006 1321 1098; baseline 0.001 -22"><span class='ocrx_word' id='word_1_23' title='bbox 295 1013 405 1090; x_wconf 86' lang='lat' dir='ltr'><strong>vertit,</strong></span> <span class='ocrx_word' id='word_1_24' title='bbox 431 1010 518 1098; x_wconf 92' lang='lat' dir='ltr'><strong>quod</strong></span> <span class='ocrx_word' id='word_1_25' title='bbox 542 1010 650 1074; x_wconf 87' lang='lat' dir='ltr'><strong>omnia</strong></span> <span class='ocrx_word' id='word_1_26' title='bbox 676 1029 779 1072; x_wconf 74' lang='lat' dir='ltr'><strong>sanan</strong></span> <span class='ocrx_word' id='word_1_27' title='bbox 803 1031 919 1096; x_wconf 91' lang='lat' dir='ltr'><strong>opera,</strong></span> <span class='ocrx_word' id='word_1_28' title='bbox 945 1032 964 1071; x_wconf 90' lang='lat' dir='ltr'><strong>e</strong></span> <span class='ocrx_word' id='word_1_29' title='bbox 990 1006 1120 1072; x_wconf 87' lang='lat' dir='ltr'><strong>diversis</strong></span> <span class='ocrx_word' id='word_1_30' title='bbox 1145 1011 1321 1078; x_wconf 87' lang='lat' dir='ltr'><strong>Bibliothe-</strong></span> 
     </span>
     <span class='ocr_line' id='line_1_6' title="bbox 297 1124 1324 1214; baseline 0.002 -20"><span class='ocrx_word' id='word_1_31' title='bbox 297 1153 406 1194; x_wconf 88' lang='lat' dir='ltr'><strong>carum</strong></span> <span class='ocrx_word' id='word_1_32' title='bbox 434 1129 644 1210; x_wconf 82' lang='lat' dir='ltr'><strong>nostratium,</strong></span> <span class='ocrx_word' id='word_1_33' title='bbox 673 1127 786 1214; x_wconf 90' lang='lat' dir='ltr'><strong>quibus</strong></span> <span class='ocrx_word' id='word_1_34' title='bbox 814 1124 923 1190; x_wconf 79' lang='lat' dir='ltr'><strong>abdita</strong></span> <span class='ocrx_word' id='word_1_35' title='bbox 949 1125 1068 1207; x_wconf 89' lang='lat' dir='ltr'><strong>latent,</strong></span> <span class='ocrx_word' id='word_1_36' title='bbox 1096 1125 1207 1192; x_wconf 84' lang='lat' dir='ltr'><strong>forulis</strong></span> <span class='ocrx_word' id='word_1_37' title='bbox 1231 1147 1324 1196; x_wconf 83' lang='lat' dir='ltr'><strong>eruta</strong></span> 
     </span>
    </p>
   </div>
   <div class='ocr_carea' id='block_1_3' title="bbox 295 1243 1433 1336">
    <p class='ocr_par' dir='ltr' id='par_1_3' title="bbox 295 1243 1433 1336">
     <span class='ocr_line' id='line_1_7' title="bbox 295 1243 1433 1336; baseline 0.003 -26"><span class='ocrx_word' id='word_1_38' title='bbox 295 1245 440 1311; x_wconf 89' lang='lat' dir='ltr'><strong>nondum</strong></span> <span class='ocrx_word' id='word_1_39' title='bbox 459 1243 726 1334; x_wconf 80' lang='lat' dir='ltr'><strong>evulgaverimus;</strong></span> <span class='ocrx_word' id='word_1_40' title='bbox 752 1257 785 1308; x_wconf 88' lang='lat' dir='ltr'><strong>et</strong></span> <span class='ocrx_word' id='word_1_41' title='bbox 807 1243 855 1307; x_wconf 87' lang='lat' dir='ltr'><strong>vir</strong></span> <span class='ocrx_word' id='word_1_42' title='bbox 877 1243 963 1308; x_wconf 88' lang='lat' dir='ltr'><strong>Clar.</strong></span> <span class='ocrx_word' id='word_1_43' title='bbox 984 1265 1078 1308; x_wconf 70' lang='lat' dir='ltr'><strong>soar.</strong></span> <span class='ocrx_word' id='word_1_44' title='bbox 1099 1267 1323 1313; x_wconf 73' lang='lat' dir='ltr'><strong>unnsnnomns</strong></span> <span class='ocrx_word' id='word_1_45' title='bbox 1432 1331 1433 1336; x_wconf 8' lang='grc' dir='ltr'>ἵ</span> 
     </span>
    </p>
   </div>
   <div class='ocr_carea' id='block_1_4' title="bbox 296 1360 1435 2625">
    <p class='ocr_par' dir='ltr' id='par_1_4' title="bbox 296 1360 1324 2152">
     <span class='ocr_line' id='line_1_8' title="bbox 298 1360 1320 1452; baseline 0.001 -24"><span class='ocrx_word' id='word_1_46' title='bbox 298 1387 332 1428; x_wconf 91' lang='lat' dir='ltr'><strong>se</strong></span> <span class='ocrx_word' id='word_1_47' title='bbox 356 1363 628 1428; x_wconf 85' lang='lat' dir='ltr'><strong>Commentarium</strong></span> <span class='ocrx_word' id='word_1_48' title='bbox 657 1380 761 1426; x_wconf 77' lang='lat' dir='ltr'><strong>asnaa</strong></span> <span class='ocrx_word' id='word_1_49' title='bbox 786 1361 820 1424; x_wconf 90' lang='lat' dir='ltr'><strong>in</strong></span> <span class='ocrx_word' id='word_1_50' title='bbox 844 1360 1004 1449; x_wconf 84' lang='lat' dir='ltr'><strong>Epistulas</strong></span> <span class='ocrx_word' id='word_1_51' title='bbox 1031 1383 1130 1426; x_wconf 70' lang='lat' dir='ltr'><strong>nanas</strong></span> <span class='ocrx_word' id='word_1_52' title='bbox 1149 1365 1320 1452; x_wconf 76' lang='lat' dir='ltr'><strong>gentunnm</strong></span> 
     </span>
     <span class='ocr_line' id='line_1_9' title="bbox 299 1474 1321 1569; baseline 0.003 -26"><span class='ocrx_word' id='word_1_53' title='bbox 299 1483 366 1569; x_wconf 91' lang='lat' dir='ltr'><strong>(qui</strong></span> <span class='ocrx_word' id='word_1_54' title='bbox 388 1503 486 1569; x_wconf 90' lang='lat' dir='ltr'><strong>penes</strong></span> <span class='ocrx_word' id='word_1_55' title='bbox 517 1481 622 1568; x_wconf 92' lang='lat' dir='ltr'><strong>ipsum</strong></span> <span class='ocrx_word' id='word_1_56' title='bbox 645 1477 769 1564; x_wconf 85' lang='lat' dir='ltr'><strong>manet)</strong></span> <span class='ocrx_word' id='word_1_57' title='bbox 791 1477 864 1541; x_wconf 90' lang='lat' dir='ltr'><strong>luce</strong></span> <span class='ocrx_word' id='word_1_58' title='bbox 887 1474 1080 1541; x_wconf 87' lang='lat' dir='ltr'><strong>donaturum</strong></span> <span class='ocrx_word' id='word_1_59' title='bbox 1104 1501 1172 1544; x_wconf 85' lang='lat' dir='ltr'><strong>esse</strong></span> <span class='ocrx_word' id='word_1_60' title='bbox 1200 1479 1321 1548; x_wconf 87' lang='lat' dir='ltr'><strong>dudum</strong></span> 
     </span>
     <span class='ocr_line' id='line_1_10' title="bbox 296 1592 1320 1686; baseline 0.002 -24"><span class='ocrx_word' id='word_1_61' title='bbox 296 1597 482 1686; x_wconf 86' lang='lat' dir='ltr'><strong>spopondit.</strong></span> <span class='ocrx_word' id='word_1_62' title='bbox 507 1595 557 1660; x_wconf 88' lang='lat' dir='ltr'><strong>Ne</strong></span> <span class='ocrx_word' id='word_1_63' title='bbox 573 1595 697 1684; x_wconf 84' lang='lat' dir='ltr'><strong>integra</strong></span> <span class='ocrx_word' id='word_1_64' title='bbox 713 1593 810 1683; x_wconf 86' lang='lat' dir='ltr'><strong>igitur</strong></span> <span class='ocrx_word' id='word_1_65' title='bbox 822 1615 927 1660; x_wconf 76' lang='lat' dir='ltr'><strong>sanan</strong></span> <span class='ocrx_word' id='word_1_66' title='bbox 940 1592 1056 1658; x_wconf 83' lang='lat' dir='ltr'><strong>edendi</strong></span> <span class='ocrx_word' id='word_1_67' title='bbox 1072 1596 1175 1685; x_wconf 81' lang='lat' dir='ltr'><strong>gloria</strong></span> <span class='ocrx_word' id='word_1_68' title='bbox 1192 1595 1262 1662; x_wconf 78' lang='lat' dir='ltr'><strong>ali&#39;u</strong></span> <span class='ocrx_word' id='word_1_69' title='bbox 1274 1621 1320 1664; x_wconf 91' lang='lat' dir='ltr'><strong>re-</strong></span> 
     </span>
     <span class='ocr_line' id='line_1_11' title="bbox 297 1711 1320 1802; baseline -0.002 -23"><span class='ocrx_word' id='word_1_70' title='bbox 297 1714 476 1802; x_wconf 83' lang='lat' dir='ltr'><strong>linquatur,</strong></span> <span class='ocrx_word' id='word_1_71' title='bbox 488 1751 492 1759; x_wconf 93' lang='lat'>·</span> <span class='ocrx_word' id='word_1_72' title='bbox 502 1715 561 1776; x_wconf 90' lang='lat' dir='ltr'><strong>ista</strong></span> <span class='ocrx_word' id='word_1_73' title='bbox 574 1713 686 1777; x_wconf 83' lang='lat' dir='ltr'><strong>saltem</strong></span> <span class='ocrx_word' id='word_1_74' title='bbox 701 1711 790 1775; x_wconf 88' lang='lat' dir='ltr'><strong>istius</strong></span> <span class='ocrx_word' id='word_1_75' title='bbox 804 1711 1043 1776; x_wconf 78' lang='lat' dir='ltr'><strong>Commentario</strong></span> <span class='ocrx_word' id='word_1_76' title='bbox 1055 1714 1172 1801; x_wconf 74' lang='lat' dir='ltr'><strong>Anglis</strong></span> <span class='ocrx_word' id='word_1_77' title='bbox 1183 1711 1320 1802; x_wconf 86' lang='lat' dir='ltr'><strong>priinum</strong></span> 
     </span>
     <span class='ocr_line' id='line_1_12' title="bbox 299 1821 1324 1920; baseline 0.001 -25"><span class='ocrx_word' id='word_1_78' title='bbox 299 1831 448 1920; x_wconf 82' lang='lat' dir='ltr'><strong>evulgare</strong></span> <span class='ocrx_word' id='word_1_79' title='bbox 470 1831 597 1896; x_wconf 70' lang='lat' dir='ltr'><strong>liceatn.</strong></span> <span class='ocrx_word' id='word_1_80' title='bbox 623 1868 668 1880; x_wconf 91' lang='lat'><strong>-·-</strong></span> <span class='ocrx_word' id='word_1_81' title='bbox 690 1821 787 1892; x_wconf 79' lang='lat' dir='ltr'><strong>llaec</strong></span> <span class='ocrx_word' id='word_1_82' title='bbox 800 1828 871 1910; x_wconf 86' lang='lat' dir='ltr'><strong>ille,</strong></span> <span class='ocrx_word' id='word_1_83' title='bbox 900 1849 970 1892; x_wconf 88' lang='lat' dir='ltr'><strong>rem</strong></span> <span class='ocrx_word' id='word_1_84' title='bbox 984 1827 1075 1916; x_wconf 89' lang='lat' dir='ltr'><strong>quod</strong></span> <span class='ocrx_word' id='word_1_85' title='bbox 1093 1827 1230 1913; x_wconf 85' lang='lat' dir='ltr'><strong>adtinet,</strong></span> <span class='ocrx_word' id='word_1_86' title='bbox 1247 1831 1324 1896; x_wconf 78' lang='lat' dir='ltr'><strong>satis</strong></span> 
     </span>
     <span class='ocr_line' id='line_1_13' title="bbox 297 1937 1321 2036; baseline -0.001 -23"><span class='ocrx_word' id='word_1_87' title='bbox 297 1963 404 2032; x_wconf 86' lang='lat' dir='ltr'><strong>recte,</strong></span> <span class='ocrx_word' id='word_1_88' title='bbox 435 1948 574 2036; x_wconf 87' lang='lat' dir='ltr'><strong>datoque</strong></span> <span class='ocrx_word' id='word_1_89' title='bbox 602 1947 767 2034; x_wconf 88' lang='lat' dir='ltr'><strong>exemplo,</strong></span> <span class='ocrx_word' id='word_1_90' title='bbox 795 1937 884 2033; x_wconf 84' lang='lat' dir='ltr'><strong>quod</strong></span> <span class='ocrx_word' id='word_1_91' title='bbox 912 1943 1035 2029; x_wconf 86' lang='lat' dir='ltr'><strong>tamen,</strong></span> <span class='ocrx_word' id='word_1_92' title='bbox 1062 1961 1099 2009; x_wconf 92' lang='lat' dir='ltr'><strong>ut</strong></span> <span class='ocrx_word' id='word_1_93' title='bbox 1128 1945 1321 2032; x_wconf 85' lang='lat' dir='ltr'><strong>videbimus,</strong></span> 
     </span>
     <span class='ocr_line' id='line_1_14' title="bbox 297 2062 1321 2152; baseline -0.004 -20"><span class='ocrx_word' id='word_1_94' title='bbox 297 2091 364 2132; x_wconf 91' lang='lat' dir='ltr'><strong>non</strong></span> <span class='ocrx_word' id='word_1_95' title='bbox 389 2066 482 2130; x_wconf 85' lang='lat' dir='ltr'><strong>multi</strong></span> <span class='ocrx_word' id='word_1_96' title='bbox 506 2066 606 2130; x_wconf 85' lang='lat' dir='ltr'><strong>secuti</strong></span> <span class='ocrx_word' id='word_1_97' title='bbox 629 2079 713 2128; x_wconf 87' lang='lat' dir='ltr'><strong>sunt.</strong></span> <span class='ocrx_word' id='word_1_98' title='bbox 761 2062 953 2152; x_wconf 82' lang='lat' dir='ltr'><strong>Fragmenta</strong></span> <span class='ocrx_word' id='word_1_99' title='bbox 980 2063 1075 2148; x_wconf 90' lang='lat' dir='ltr'><strong>hujus</strong></span> <span class='ocrx_word' id='word_1_100' title='bbox 1099 2065 1321 2152; x_wconf 62' lang='lat' dir='ltr'><strong>Eas-positionis</strong></span> 
     </span>
    </p>

    <p class='ocr_par' dir='ltr' id='par_1_5' title="bbox 296 2159 1435 2625">
     <span class='ocr_line' id='line_1_15' title="bbox 296 2159 1435 2271; baseline -0.002 -25"><span class='ocrx_word' id='word_1_101' title='bbox 296 2169 361 2268; x_wconf 78' lang='lat' dir='ltr'><strong>jam</strong></span> <span class='ocrx_word' id='word_1_102' title='bbox 375 2197 468 2248; x_wconf 85' lang='lat' dir='ltr'><strong>antea</strong></span> <span class='ocrx_word' id='word_1_103' title='bbox 475 2184 553 2267; x_wconf 87' lang='lat' dir='ltr'><strong>juris</strong></span> <span class='ocrx_word' id='word_1_104' title='bbox 562 2180 814 2271; x_wconf 78' lang='lat' dir='ltr'><strong>publicifeoerat</strong></span> <span class='ocrx_word' id='word_1_105' title='bbox 823 2177 1324 2246; x_wconf 71' lang='lat' dir='ltr'><strong>idemwmnrornsinductars‘o</strong></span> <span class='ocrx_word' id='word_1_106' title='bbox 1434 2159 1435 2174; x_wconf 12' lang='grc' dir='ltr'>ἵ</span> 
     </span>
     <span class='ocr_line' id='line_1_16' title="bbox 299 2294 1324 2387; baseline 0.002 -25"><span class='ocrx_word' id='word_1_107' title='bbox 299 2299 345 2362; x_wconf 84' lang='lat' dir='ltr'><strong>ad</strong></span> <span class='ocrx_word' id='word_1_108' title='bbox 354 2321 478 2363; x_wconf 82' lang='lat' dir='ltr'><strong>nsssnrr</strong></span> <span class='ocrx_word' id='word_1_109' title='bbox 490 2301 576 2364; x_wconf 75' lang='lat' dir='ltr'><strong>Hist.</strong></span> <span class='ocrx_word' id='word_1_110' title='bbox 589 2300 707 2384; x_wconf 76' lang='lat' dir='ltr'><strong>Dogm.</strong></span> <span class='ocrx_word' id='word_1_111' title='bbox 725 2294 828 2362; x_wconf 84' lang='lat' dir='ltr'><strong>Lond.</strong></span> <span class='ocrx_word' id='word_1_112' title='bbox 844 2297 939 2383; x_wconf 84' lang='lat'><strong>1689.</strong></span> <span class='ocrx_word' id='word_1_113' title='bbox 955 2296 1180 2387; x_wconf 75' lang='lat' dir='ltr'><strong>p.-356‚seqq.</strong></span> <span class='ocrx_word' id='word_1_114' title='bbox 1204 2298 1324 2364; x_wconf 77' lang='lat' dir='ltr'><strong>Postea</strong></span> 
     </span>
     <span class='ocr_line' id='line_1_17' title="bbox 300 2414 1319 2504; baseline -0.001 -22"><span class='ocrx_word' id='word_1_115' title='bbox 300 2439 370 2482; x_wconf 86' lang='lat' dir='ltr'><strong>eam</strong></span> <span class='ocrx_word' id='word_1_116' title='bbox 388 2415 517 2504; x_wconf 87' lang='lat' dir='ltr'><strong>repetiit</strong></span> <span class='ocrx_word' id='word_1_117' title='bbox 536 2437 616 2481; x_wconf 79' lang='lat' dir='ltr'><strong>nost.</strong></span> <span class='ocrx_word' id='word_1_118' title='bbox 635 2435 790 2481; x_wconf 72' lang='lat' dir='ltr'><strong>numus</strong></span> <span class='ocrx_word' id='word_1_119' title='bbox 801 2414 838 2479; x_wconf 90' lang='lat' dir='ltr'><strong>in</strong></span> <span class='ocrx_word' id='word_1_120' title='bbox 854 2415 1011 2482; x_wconf 72' lang='lat' dir='ltr'><strong>Thasum.</strong></span> <span class='ocrx_word' id='word_1_121' title='bbox 1026 2417 1148 2482; x_wconf 82' lang='lat' dir='ltr'><strong>Anecd.</strong></span> <span class='ocrx_word' id='word_1_122' title='bbox 1163 2416 1258 2482; x_wconf 84' lang='lat' dir='ltr'><strong>Tom.</strong></span> <span class='ocrx_word' id='word_1_123' title='bbox 1276 2415 1319 2482; x_wconf 81' lang='lat' dir='ltr'><strong>V.</strong></span> 
     </span>
     <span class='ocr_line' id='line_1_18' title="bbox 297 2534 478 2625; baseline 0.011 -26"><span class='ocrx_word' id='word_1_124' title='bbox 297 2553 371 2625; x_wconf 86' lang='lat' dir='ltr'><strong>pag.</strong></span> <span class='ocrx_word' id='word_1_125' title='bbox 405 2534 478 2601; x_wconf 85' lang='lat'><strong>115.</strong></span> 
     </span>
    </p>
   </div>
   <div class='ocr_carea' id='block_1_5' title="bbox 343 2651 1326 2718">
    <p class='ocr_par' dir='ltr' id='par_1_6' title="bbox 343 2651 1326 2718">
     <span class='ocr_line' id='line_1_19' title="bbox 343 2651 1326 2718; baseline 0.001 -4"><span class='ocrx_word' id='word_1_126' title='bbox 343 2653 414 2715; x_wconf 84' lang='lat' dir='ltr'><strong>Jam</strong></span> <span class='ocrx_word' id='word_1_127' title='bbox 438 2671 521 2714; x_wconf 76' lang='lat' dir='ltr'><strong>anna</strong></span> <span class='ocrx_word' id='word_1_128' title='bbox 542 2651 630 2715; x_wconf 89' lang='lat' dir='ltr'><strong>hunc</strong></span> <span class='ocrx_word' id='word_1_129' title='bbox 653 2651 927 2718; x_wconf 73' lang='lat' dir='ltr'><strong>commentarium</strong></span> <span class='ocrx_word' id='word_1_130' title='bbox 950 2661 983 2718; x_wconf 77' lang='lat' dir='ltr'><strong>in</strong></span> <span class='ocrx_word' id='word_1_131' title='bbox 1008 2659 1133 2718; x_wconf 63' lang='lat' dir='ltr'><strong>irinum</strong></span> <span class='ocrx_word' id='word_1_132' title='bbox 1162 2652 1326 2718; x_wconf 75' lang='lat' dir='ltr'><strong>Geneseos</strong></span> 
     </span>
    </p>
   </div>
   <div class='ocr_carea' id='block_1_6' title="bbox 299 2769 1437 2859">
    <p class='ocr_par' dir='ltr' id='par_1_7' title="bbox 299 2769 1437 2859">
     <span class='ocr_line' id='line_1_20' title="bbox 299 2769 1437 2859; baseline 0.002 -27"><span class='ocrx_word' id='word_1_133' title='bbox 299 2784 415 2858; x_wconf 83' lang='lat' dir='ltr'><strong>rogatu</strong></span> <span class='ocrx_word' id='word_1_134' title='bbox 440 2791 558 2850; x_wconf 71' lang='lat' dir='ltr'><strong>accan,</strong></span> <span class='ocrx_word' id='word_1_135' title='bbox 584 2769 735 2859; x_wconf 90' lang='lat' dir='ltr'><strong>Episcopi</strong></span> <span class='ocrx_word' id='word_1_136' title='bbox 750 2771 1035 2859; x_wconf 61' lang='lat' dir='ltr'><strong>Hagustuldenetsss,</strong></span> <span class='ocrx_word' id='word_1_137' title='bbox 1053 2771 1179 2858; x_wconf 85' lang='lat' dir='ltr'><strong>scripsit</strong></span> <span class='ocrx_word' id='word_1_138' title='bbox 1202 2773 1264 2853; x_wconf 89' lang='lat' dir='ltr'><strong>ita,</strong></span> <span class='ocrx_word' id='word_1_139' title='bbox 1286 2785 1325 2834; x_wconf 89' lang='lat' dir='ltr'><strong>ut</strong></span> <span class='ocrx_word' id='word_1_140' title='bbox 1436 2815 1437 2820; x_wconf 21' lang='grc' dir='ltr'><strong>κ</strong></span> 
     </span>
    </p>
   </div>
   <div class='ocr_carea' id='block_1_7' title="bbox 299 2883 1329 3678">
    <p class='ocr_par' dir='ltr' id='par_1_8' title="bbox 299 2883 1329 3678">
     <span class='ocr_line' id='line_1_21' title="bbox 299 2883 1324 2978; baseline 0 -27"><span class='ocrx_word' id='word_1_141' title='bbox 299 2903 485 2976; x_wconf 74' lang='lat' dir='ltr'><strong>excerperet</strong></span> <span class='ocrx_word' id='word_1_142' title='bbox 498 2911 574 2952; x_wconf 84' lang='lat' dir='ltr'><strong>eum</strong></span> <span class='ocrx_word' id='word_1_143' title='bbox 587 2911 626 2952; x_wconf 89' lang='lat' dir='ltr'><strong>ex</strong></span> <span class='ocrx_word' id='word_1_144' title='bbox 638 2889 729 2954; x_wconf 89' lang='lat' dir='ltr'><strong>libris</strong></span> <span class='ocrx_word' id='word_1_145' title='bbox 739 2890 940 2978; x_wconf 84' lang='lat' dir='ltr'><strong>potissimum</strong></span> <span class='ocrx_word' id='word_1_146' title='bbox 952 2883 1071 2952; x_wconf 67' lang='lat' dir='ltr'><strong>austun</strong></span> <span class='ocrx_word' id='word_1_147' title='bbox 1087 2887 1324 2971; x_wconf 66' lang='lat' dir='ltr'><strong>cananense,</strong></span> 
     </span>
     <span class='ocr_line' id='line_1_22' title="bbox 300 3004 1325 3092; baseline 0.003 -26"><span class='ocrx_word' id='word_1_148' title='bbox 300 3026 397 3090; x_wconf 89' lang='lat' dir='ltr'><strong>quem</strong></span> <span class='ocrx_word' id='word_1_149' title='bbox 421 3026 619 3069; x_wconf 77' lang='lat' dir='ltr'><strong>nusrannrns</strong></span> <span class='ocrx_word' id='word_1_150' title='bbox 646 3004 775 3092; x_wconf 88' lang='lat' dir='ltr'><strong>quidam</strong></span> <span class='ocrx_word' id='word_1_151' title='bbox 798 3006 839 3072; x_wconf 87' lang='lat' dir='ltr'><strong>de</strong></span> <span class='ocrx_word' id='word_1_152' title='bbox 864 3007 994 3071; x_wconf 82' lang='lat' dir='ltr'><strong>Graeco</strong></span> <span class='ocrx_word' id='word_1_153' title='bbox 1022 3007 1057 3070; x_wconf 88' lang='lat' dir='ltr'><strong>in</strong></span> <span class='ocrx_word' id='word_1_154' title='bbox 1086 3005 1232 3068; x_wconf 86' lang='lat' dir='ltr'><strong>Latinum</strong></span> <span class='ocrx_word' id='word_1_155' title='bbox 1259 3023 1325 3069; x_wconf 83' lang='lat' dir='ltr'><strong>ser·</strong></span> 
     </span>
     <span class='ocr_line' id='line_1_23' title="bbox 300 3109 1322 3205; baseline 0.002 -21"><span class='ocrx_word' id='word_1_156' title='bbox 300 3109 429 3187; x_wconf 78' lang='lat' dir='ltr'><strong>monem</strong></span> <span class='ocrx_word' id='word_1_157' title='bbox 453 3137 610 3205; x_wconf 84' lang='lat' dir='ltr'><strong>verterat,</strong></span> <span class='ocrx_word' id='word_1_158' title='bbox 634 3145 791 3190; x_wconf 79' lang='lat' dir='ltr'><strong>suanosn</strong></span> <span class='ocrx_word' id='word_1_159' title='bbox 815 3126 1067 3192; x_wconf 77' lang='lat' dir='ltr'><strong>Medioluueasis</strong></span> <span class='ocrx_word' id='word_1_160' title='bbox 1091 3137 1123 3188; x_wconf 85' lang='lat' dir='ltr'><strong>et</strong></span> <span class='ocrx_word' id='word_1_161' title='bbox 1145 3142 1322 3186; x_wconf 77' lang='lat' dir='ltr'><strong>sueusrmr</strong></span> 
     </span>
     <span class='ocr_line' id='line_1_24' title="bbox 299 3233 1329 3330; baseline -0.005 -24"><span class='ocrx_word' id='word_1_162' title='bbox 299 3243 524 3330; x_wconf 78' lang='lat' dir='ltr'><strong>Hipponensis.</strong></span> <span class='ocrx_word' id='word_1_163' title='bbox 561 3242 755 3326; x_wconf 75' lang='lat' dir='ltr'><strong>«Nimirum,</strong></span> <span class='ocrx_word' id='word_1_164' title='bbox 778 3233 895 3328; x_wconf 88' lang='lat' dir='ltr'><strong>iuquit,</strong></span> <span class='ocrx_word' id='word_1_165' title='bbox 917 3263 998 3326; x_wconf 88' lang='lat' dir='ltr'><strong>quae</strong></span> <span class='ocrx_word' id='word_1_166' title='bbox 1011 3257 1077 3304; x_wconf 88' lang='lat' dir='ltr'><strong>tam</strong></span> <span class='ocrx_word' id='word_1_167' title='bbox 1090 3240 1236 3329; x_wconf 79' lang='lat' dir='ltr'><strong>copiosa,</strong></span> <span class='ocrx_word' id='word_1_168' title='bbox 1254 3254 1329 3302; x_wconf 82' lang='lat' dir='ltr'><strong>tatu</strong></span> 
     </span>
     <span class='ocr_line' id='line_1_25' title="bbox 300 3347 1321 3442; baseline -0.007 -17"><span class='ocrx_word' id='word_1_169' title='bbox 300 3375 372 3424; x_wconf 88' lang='lat' dir='ltr'><strong>sunt</strong></span> <span class='ocrx_word' id='word_1_170' title='bbox 388 3361 469 3442; x_wconf 86' lang='lat' dir='ltr'><strong>alta,</strong></span> <span class='ocrx_word' id='word_1_171' title='bbox 496 3360 602 3423; x_wconf 83' lang='lat' dir='ltr'><strong>utrix</strong></span> <span class='ocrx_word' id='word_1_172' title='bbox 625 3361 685 3421; x_wconf 90' lang='lat' dir='ltr'><strong>nisi</strong></span> <span class='ocrx_word' id='word_1_173' title='bbox 706 3383 724 3420; x_wconf 90' lang='lat' dir='ltr'><strong>a</strong></span> <span class='ocrx_word' id='word_1_174' title='bbox 746 3347 1011 3442; x_wconf 75' lang='lat' dir='ltr'><strong>locupletioribus</strong></span> <span class='ocrx_word' id='word_1_175' title='bbox 1024 3369 1074 3417; x_wconf 83' lang='lat' dir='ltr'><strong>tot</strong></span> <span class='ocrx_word' id='word_1_176' title='bbox 1093 3356 1254 3420; x_wconf 79' lang='lat' dir='ltr'><strong>volumina</strong></span> <span class='ocrx_word' id='word_1_177' title='bbox 1270 3377 1321 3418; x_wconf 82' lang='lat' dir='ltr'><strong>ao-</strong></span> 
     </span>
     <span class='ocr_line' id='line_1_26' title="bbox 301 3468 1324 3561; baseline 0 -25"><span class='ocrx_word' id='word_1_178' title='bbox 301 3476 399 3561; x_wconf 89' lang='lat' dir='ltr'><strong>quiri‚</strong></span> <span class='ocrx_word' id='word_1_179' title='bbox 428 3477 481 3538; x_wconf 87' lang='lat' dir='ltr'><strong>vix</strong></span> <span class='ocrx_word' id='word_1_180' title='bbox 504 3489 570 3537; x_wconf 91' lang='lat' dir='ltr'><strong>tam</strong></span> <span class='ocrx_word' id='word_1_181' title='bbox 597 3468 759 3559; x_wconf 86' lang='lat' dir='ltr'><strong>profunda</strong></span> <span class='ocrx_word' id='word_1_182' title='bbox 787 3470 847 3534; x_wconf 92' lang='lat' dir='ltr'><strong>nisi</strong></span> <span class='ocrx_word' id='word_1_183' title='bbox 876 3470 918 3534; x_wconf 89' lang='lat' dir='ltr'><strong>ab</strong></span> <span class='ocrx_word' id='word_1_184' title='bbox 944 3468 1170 3538; x_wconf 82' lang='lat' dir='ltr'><strong>eruditioribus</strong></span> <span class='ocrx_word' id='word_1_185' title='bbox 1196 3473 1324 3539; x_wconf 84' lang='lat' dir='ltr'><strong>valeant</strong></span> 
     </span>
     <span class='ocr_line' id='line_1_27' title="bbox 299 3587 1321 3678; baseline -0.003 -24"><span class='ocrx_word' id='word_1_186' title='bbox 299 3590 511 3678; x_wconf 85' lang='lat' dir='ltr'><strong>perscrutari,</strong></span> <span class='ocrx_word' id='word_1_187' title='bbox 543 3588 664 3678; x_wconf 89' lang='lat' dir='ltr'><strong>placuit</strong></span> <span class='ocrx_word' id='word_1_188' title='bbox 687 3603 809 3656; x_wconf 84' lang='lat' dir='ltr'><strong>vestrae</strong></span> <span class='ocrx_word' id='word_1_189' title='bbox 837 3587 1005 3654; x_wconf 76' lang='lat' dir='ltr'><strong>sanctitati</strong></span> <span class='ocrx_word' id='word_1_190' title='bbox 1037 3589 1072 3654; x_wconf 95' lang='lat' dir='ltr'><strong>id</strong></span> <span class='ocrx_word' id='word_1_191' title='bbox 1099 3591 1194 3656; x_wconf 89' lang='lat' dir='ltr'><strong>nobis</strong></span> <span class='ocrx_word' id='word_1_192' title='bbox 1221 3588 1321 3657; x_wconf 86' lang='lat' dir='ltr'><strong>officii</strong></span> 
     </span>
    </p>
   </div>
   <div class='ocr_carea' id='block_1_8' title="bbox 299 3705 1321 3796">
    <p class='ocr_par' dir='ltr' id='par_1_9' title="bbox 299 3699 1321 3796">
     <span class='ocr_line' id='line_1_28' title="bbox 299 3705 1321 3796; baseline 0.001 -26"><span class='ocrx_word' id='word_1_193' title='bbox 299 3708 486 3796; x_wconf 86' lang='lat' dir='ltr'><strong>injungere,</strong></span> <span class='ocrx_word' id='word_1_194' title='bbox 522 3722 558 3772; x_wconf 92' lang='lat' dir='ltr'><strong>ut</strong></span> <span class='ocrx_word' id='word_1_195' title='bbox 582 3705 623 3772; x_wconf 91' lang='lat' dir='ltr'><strong>de</strong></span> <span class='ocrx_word' id='word_1_196' title='bbox 650 3708 798 3772; x_wconf 90' lang='lat' dir='ltr'><strong>omnibus</strong></span> <span class='ocrx_word' id='word_1_197' title='bbox 824 3708 890 3788; x_wconf 90' lang='lat' dir='ltr'><strong>his,</strong></span> <span class='ocrx_word' id='word_1_198' title='bbox 919 3707 1006 3772; x_wconf 89' lang='lat' dir='ltr'><strong>velut</strong></span> <span class='ocrx_word' id='word_1_199' title='bbox 1030 3707 1072 3773; x_wconf 89' lang='lat' dir='ltr'><strong>de</strong></span> <span class='ocrx_word' id='word_1_200' title='bbox 1091 3707 1321 3772; x_wconf 87' lang='lat' dir='ltr'><strong>amoenissimis</strong></span> 
     </span>
    </p>
   </div>
   <div class='ocr_carea' id='block_1_9' title="bbox 297 3821 1324 4034">
    <p class='ocr_par' dir='ltr' id='par_1_10' title="bbox 297 3821 1324 4034">
     <span class='ocr_line' id='line_1_29' title="bbox 298 3821 1324 3914; baseline 0.003 -28"><span class='ocrx_word' id='word_1_201' title='bbox 298 3825 361 3888; x_wconf 88' lang='lat' dir='ltr'><strong>late</strong></span> <span class='ocrx_word' id='word_1_202' title='bbox 388 3821 529 3888; x_wconf 85' lang='lat' dir='ltr'><strong>florentis</strong></span> <span class='ocrx_word' id='word_1_203' title='bbox 556 3823 699 3890; x_wconf 89' lang='lat' dir='ltr'><strong>Paradisi</strong></span> <span class='ocrx_word' id='word_1_204' title='bbox 727 3825 863 3913; x_wconf 86' lang='lat' dir='ltr'><strong>campis,</strong></span> <span class='ocrx_word' id='word_1_205' title='bbox 894 3848 975 3914; x_wconf 87' lang='lat' dir='ltr'><strong>quae</strong></span> <span class='ocrx_word' id='word_1_206' title='bbox 1004 3825 1206 3890; x_wconf 87' lang='lat' dir='ltr'><strong>infirmorum</strong></span> <span class='ocrx_word' id='word_1_207' title='bbox 1237 3822 1324 3889; x_wconf 86' lang='lat' dir='ltr'><strong>vide·</strong></span> 
     </span>
     <span class='ocr_line' id='line_1_30' title="bbox 297 3941 1324 4034; baseline 0.002 -29"><span class='ocrx_word' id='word_1_208' title='bbox 297 3957 407 4006; x_wconf 88' lang='lat' dir='ltr'><strong>rentur</strong></span> <span class='ocrx_word' id='word_1_209' title='bbox 431 3943 609 4007; x_wconf 87' lang='lat' dir='ltr'><strong>necessitati</strong></span> <span class='ocrx_word' id='word_1_210' title='bbox 637 3941 804 4024; x_wconf 89' lang='lat' dir='ltr'><strong>sufficere,</strong></span> <span class='ocrx_word' id='word_1_211' title='bbox 830 3942 1094 4034; x_wconf 83' lang='lat' dir='ltr'><strong>decerperemus»</strong></span> <span class='ocrx_word' id='word_1_212' title='bbox 1120 3944 1179 4033; x_wconf 84' lang='grc' dir='ltr'><strong>(ι).</strong></span> <span class='ocrx_word' id='word_1_213' title='bbox 1226 3943 1324 4010; x_wconf 88' lang='lat' dir='ltr'><strong>Nunc</strong></span> 
     </span>
    </p>
   </div>
   <div class='ocr_carea' id='block_1_10' title="bbox 311 4104 643 4118">
    <p class='ocr_par' dir='ltr' id='par_1_11' title="bbox 311 4104 643 4118">
     <span class='ocr_line' id='line_1_31' title="bbox 311 4104 643 4118; baseline 0 -2"><span class='ocrx_word' id='word_1_214' title='bbox 311 4104 643 4118; x_wconf 46' lang='lat' dir='ltr'><strong>*mh—-</strong></span> 
     </span>
    </p>
   </div>
   <div class='ocr_carea' id='block_1_11' title="bbox 337 4188 846 4259">
    <p class='ocr_par' dir='ltr' id='par_1_12' title="bbox 337 4188 846 4259">
     <span class='ocr_line' id='line_1_32' title="bbox 337 4188 846 4259; baseline -0.004 -19"><span class='ocrx_word' id='word_1_215' title='bbox 337 4190 379 4258; x_wconf 80' lang='lat'><strong>(1)</strong></span> <span class='ocrx_word' id='word_1_216' title='bbox 399 4190 481 4241; x_wconf 82' lang='lat' dir='ltr'><strong>Brnst</strong></span> <span class='ocrx_word' id='word_1_217' title='bbox 501 4188 580 4259; x_wconf 82' lang='lat' dir='ltr'><strong>Opes.</strong></span> <span class='ocrx_word' id='word_1_218' title='bbox 596 4188 672 4241; x_wconf 79' lang='lat' dir='ltr'><strong>Tom.</strong></span> <span class='ocrx_word' id='word_1_219' title='bbox 687 4188 731 4240; x_wconf 78' lang='lat' dir='ltr'><strong>lv,</strong></span> <span class='ocrx_word' id='word_1_220' title='bbox 748 4207 807 4258; x_wconf 75' lang='lat' dir='ltr'><strong>pag.</strong></span> <span class='ocrx_word' id='word_1_221' title='bbox 821 4189 846 4241; x_wconf 86' lang='lat'><strong>1.</strong></span> 
     </span>
    </p>
   </div>
   <div class='ocr_carea' id='block_1_12' title="bbox 0 0 1469 5284">
    <p class='ocr_par' dir='ltr' id='par_1_13' title="bbox 0 0 1469 5284">
     <span class='ocr_line' id='line_1_33' title="bbox 0 0 1469 5284; baseline 0 0"><span class='ocrx_word' id='word_1_222' title='bbox 0 0 1469 5284; x_wconf 95' lang='lat' dir='ltr'><strong> </strong></span> 
     </span>
    </p>
   </div>
  </div>
 </body>
</html>
