2900 5278
765 445 808 538 'aa

272 659 339 746 jam
360 660 434 724 satis
455 655 538 746 apud
554 675 665 720 omnes
685 669 821 718 constat.
862 652 982 716 Contra
998 673 1094 739 quom
1109 647 1299 718 sententiam

276 800 372 864 quum
387 776 522 850 maxime
539 795 680 862 pugnare
694 769 880 852 rideantur,
899 791 979 856 quae
996 769 1122 858 scripsit
1137 791 1300 836 auronius

275 891 466 974 cardinalis,
486 891 588 956 verbo
607 890 661 954 hic
680 877 747 974 ejus
764 910 854 952 error
870 885 1027 951 notandus
1045 901 1104 951 est.
1140 886 1300 952 Nimirum

272 1012 307 1074 in
323 1009 511 1074 mendosum
526 1008 688 1097 Epistolee
704 1029 890 1070 cursuram
903 1003 1061 1070 inciderat
1075 1004 1248 1093 exemplar,
1266 1006 1302 1070 in

273 1151 337 1215 quo
350 1128 488 1217 legeret,
503 1149 612 1191 srntn
624 1149 643 1190 e
656 1127 722 1191 vita
736 1126 884 1214 migrasse
901 1124 1039 1212 septimo
1053 1121 1105 1188 dic
1121 1122 1195 1187 Idus
1208 1123 1298 1209 Maji.

273 1246 344 1310 Iam
358 1247 422 1309 hoc
442 1243 494 1308 die
511 1242 714 1308 Ascensionis
730 1242 844 1306 festum
862 1241 1058 1306 celebratum
1076 1262 1143 1304 non
1166 1262 1233 1304 esse
1255 1239 1301 1304 ri·

275 1360 370 1443 dens,
395 1361 454 1424 nisi
473 1383 558 1424 anno
585 1381 667 1446 720,
692 1381 756 1445 quo
773 1357 877 1422 adhuc
894 1359 928 1420 in
943 1357 1020 1422 vivis
1037 1373 1105 1422 erat
1121 1378 1223 1440 ssuu,
1243 1373 1302 1422 aut

275 1500 360 1544 amm
377 1499 457 1565 799,
480 1475 521 1540 ad
539 1499 633 1563 quem
652 1498 725 1539 eum
742 1496 809 1540 non
824 1475 955 1563 putabat
977 1475 1170 1563 pervenisse,
1193 1497 1300 1562 neque

275 1593 542 1675 ammadvertens,
560 1593 673 1658 vitiose
689 1615 750 1682 pro
770 1593 935 1656 Kalendas
955 1593 1045 1656 Iunii
1062 1592 1216 1680 scriptum
1234 1613 1300 1656 esse

274 1711 352 1774 Idus
366 1713 467 1797 Moji,·
477 1711 609 1775 omnino
623 1710 802 1799 desperavit
813 1710 900 1792 fore,
918 1725 954 1774 ut
966 1732 1058 1777 verus
1069 1710 1182 1774 mortis
1195 1731 1299 1774 suun

276 1853 375 1894 annus
388 1852 427 1894 ex
445 1831 505 1894 hac
520 1829 663 1917 Epistola
683 1841 930 1918 cognosceretur
947 1827 1007 1916 (ι).
1046 1827 1152 1908 Quam
1168 1827 1212 1893 ob
1229 1850 1299 1892 rem

276 1945 371 2010 aliam
386 1946 543 2009 rationem
564 1944 736 2010 ineundam
755 1967 821 2010 esse
843 1961 947 2027 ratus,
973 1945 1117 2034 confugit
1137 1943 1178 2009 ad
1195 1968 1298 2008 urnis

275 2062 462 2149 Epistulam,
470 2085 550 2149 quae
562 2061 602 2125 ad
613 2085 816 2127 wrcnnnnan
823 2062 1047 2150 Presbyterum
1056 2061 1141 2144 data,
1154 2061 1299 2127 inscribi-

274 2193 343 2244 tur:
377 2180 427 2242 De
452 2183 663 2268 Aequinoctio
680 2183 783 2267 juxto
804 2180 989 2244 Anatolium
1006 2179 1066 2268 (a).
1107 2180 1158 2244 lbi
1185 2201 1301 2266 nempe

275 2294 407 2384 legitur:
437 2297 500 2358 «Ut
524 2310 557 2358 te
587 2296 738 2383 exemplis
763 2297 805 2362 ad
828 2296 1052 2363 inveniendam
1077 2298 1229 2362 instruam
1252 2295 1300 2360 fe-

272 2413 371 2495 riam,
397 2435 459 2500 qua
480 2410 568 2477 XIV.
592 2428 741 2476 occurrat
756 2412 850 2493 luna,
875 2431 912 2476 ut
933 2431 1012 2501 puta
1031 2440 1117 2478 anno
1134 2417 1302 2502 praesenti

273 2529 452 2594 dominicae
479 2531 716 2594 Incarnationis
739 2528 821 2617 776,
854 2552 944 2593 sume
968 2530 1104 2617 Epactas
1127 2531 1220 2615 hujus
1245 2555 1302 2596 an·

273 2648 309 2712 rii
331 2646 564 2729 XXV1,»cet.
604 2647 675 2710 lam
697 2669 858 2711 eunomus
885 2646 961 2711 hinc
987 2647 1091 2734 cogit,
1122 2670 1232 2712 suurn
1260 2647 1304 2712 ad

272 2762 308 2826 id
335 2779 421 2828 certe
447 2764 601 2851 temporis
627 2763 727 2828 vitam
755 2763 960 2852 produxisse,
988 2779 1082 2850 atque
1106 2762 1182 2828 ideo
1200 2787 1301 2830 annos

273 2880 386 2945 saltem
403 2896 532 2944 centum
549 2896 580 2945 et
598 2881 736 2967 quinque
751 2881 873 2945 vixisse.
922 2880 1023 2945 Addit
1038 2897 1161 2964 autem,
1178 2882 1204 2944 si
1219 2883 1300 2947 haec

275 2995 315 3062 de
330 2997 427 3085 longa
443 3020 547 3060 ssutr
563 3012 665 3062 aetate
682 3021 749 3062 non
764 2998 929 3085 placeant,
948 3015 984 3062 ut
998 3022 1081 3064 nova
1098 3014 1131 3064 et
1146 3001 1301 3064 hacteuus

272 3111 436 3194 inaudita,
461 3127 538 3176 tunc
563 3113 752 3203 negantibus
774 3115 960 3180 incumbere
980 3115 1141 3204 laborem,
1166 3131 1202 3178 ut
1216 3117 1302 3181 hauc

274 3223 452 3318 Epistolam
476 3253 581 3295 orosa
597 3255 663 3296 non
694 3255 780 3314 esse,
812 3231 955 3321 falsoque
981 3234 1065 3300 inter
1093 3235 1159 3318 ejus
1185 3233 1303 3321 scripta

275 3348 435 3412 recenseri
460 3345 677 3413 demonstrent
695 3348 755 3436 (3).
802 3349 904 3416 Nobis
921 3349 968 3414 'de
988 3351 1056 3438 ipsa
1079 3351 1222 3438 Epistola
1244 3371 1300 3414 suo

275 3464 351 3529 loco
373 3463 545 3529 dicendum
569 3467 649 3547 erit;
676 3489 808 3530 monere
830 3468 883 3532 hic
904 3466 1055 3551 sufficiat,
1081 3468 1300 3532 ratiocinatio·

276 3605 369 3664 nem,
389 3605 427 3644 ex
443 3604 480 3646 ea
493 3582 643 3670 petitam,
652 3587 719 3670 jam
733 3586 807 3650 satis
819 3587 1015 3652 confutatam
1032 3609 1098 3652 esse
1111 3609 1130 3650 a
1143 3607 1301 3653 uuinto-

318 3935 360 4004 (1)
387 3935 495 3988 strom
519 3923 1034 3991 Annar.r0m.1r.'mannumtsr
1058 3954 1118 4008 pag.
1143 3941 1208 4004 ns,
1233 3942 1298 4006 no,

380 4021 421 4068 n⁰.
443 4018 534 4070 mv.
1149 4047 1152 4054 ’

318 4101 360 4170 (2)
379 4101 462 4154 Brute
480 4101 557 4170 Oper.
573 4103 650 4155 Besil.
669 4103 744 4156 Tom.
762 4105 797 4156 ΙΙ.
814 4123 841 4174 p.
859 4107 921 4160 sto.
940 4107 1033 4163 Color.
1050 4108 1125 4162 Tum.
1140 4109 1174 4161 11.
1192 4127 1219 4178 p.
1234 4109 1297 4160 230.

317 4185 359 4252 (3)
380 4185 473 4237 Baros.
487 4186 507 4238 l.
522 4187 541 4239 l.
560 4205 586 4256 p.
607 4187 672 4253 143,
694 4189 759 4253 ttt,
778 4191 818 4240 nl.
835 4190 902 4244 XIX.
