2900 5278
660 491 698 550 19

166 688 287 755 terum,
306 685 428 736 vestrae
450 669 671 736 Universitatis
694 667 878 752 doctorem,
899 669 957 732 sub
977 691 1061 756 quo,
1081 667 1188 734 diviua

165 791 369 878 permittente
395 787 517 878 gratia,
549 785 684 876 gradum
707 786 831 874 suscepi
855 785 1054 852 doctoralem
1078 787 1119 854 A.
1144 787 1186 852 ab

165 909 389 975 Incarnatione
415 907 547 972 Domini
575 905 656 991 692,
680 905 806 991 qualem
832 904 945 968 habuit
969 905 1188 990 injuventute

164 1024 314 1090 studendi
339 1024 501 1106 animum,
538 1023 664 1109 qualem
696 1044 782 1086 nuno
808 1021 906 1088 habet
934 1021 1019 1086 inter
1043 1023 1188 1088 homiues

154 1132 310 1225 laudem,
341 1157 373 1208 et
402 1141 502 1206 multo
538 1141 639 1228 magis
671 1138 756 1227 apud
784 1139 889 1202 Deum
921 1139 1189 1204 remunerationis

165 1251 311 1348 gloriam.
359 1256 471 1322 Valete
492 1279 617 1344 semper
640 1257 675 1320 in
694 1279 831 1322 onursro
856 1277 949 1339 anso,
974 1259 1065 1343 cujus
1086 1258 1188 1346 gratia

165 1373 346 1460 coadjuvati
368 1373 441 1438 estis
463 1374 498 1436 in
521 1372 683 1439 doctrina.
729 1374 868 1439 Amen.»
1094 1443 1097 1450 ,

208 1492 323 1558 Aetate
354 1495 423 1578 jam
456 1492 594 1556 multum
627 1507 783 1580 provecta
821 1490 1029 1579 Cantabrigrfa
1057 1487 1189 1556 rediisse

163 1624 332 1692 narratur,
369 1631 442 1674 cum
474 1607 644 1697 discipulos
675 1609 797 1696 saepius
827 1609 886 1676 sio·
907 1608 1063 1674 allocutus
1095 1622 1184 1678 erata

163 1727 327 1808 «Discite,
357 1724 468 1808 filioli,
503 1724 581 1791 dum
610 1725 777 1790 vobiscum
802 1748 882 1790 sum.
929 1725 1046 1790 Nescio
1075 1725 1182 1807 enisu,

164 1841 315 1930 quamdiu
342 1844 532 1926 subsistam,
566 1858 600 1906 et
638 1844 664 1906 si
698 1859 772 1931 post
804 1839 970 1908 modicum
1005 1841 1098 1910 tollat
1133 1864 1186 1906 me

162 1959 282 2029 Factor
306 1983 414 2042 meus,
437 1976 470 2026 et
492 1976 673 2026 -revertatur
695 1961 817 2026 animus
841 1983 929 2024 meus
954 1957 995 2024 ad
1016 1981 1105 2042 eum,
1129 1959 1187 2046 qui

163 2077 249 2142 misit
271 2077 362 2142 illum
385 2092 418 2144 et
436 2078 472 2142 in
485 2079 570 2144 hano
589 2079 688 2144 vitam
709 2079 817 2144 venire
839 2079 1014 2159 concessit,
1033 2076 1089 2141 diu
1108 2077 1185 2142 vixi.

164 2197 251 2262 Bene
272 2197 431 2261 consuluit
451 2197 530 2260 mihi
554 2196 711 2261 Dominus
730 2219 820 2260 meus
840 2217 930 2259 susus
954 2195 988 2257 in
1009 2195 1073 2258 hoc
1098 2193 1186 2259 'ritae

74 2369 85 2390 ,
162 2314 284 2402 spatio,
311 2315 407 2402 cupio
430 2310 559 2377 dissolvi
578 2327 610 2378 et
631 2336 697 2377 esse
715 2336 790 2377 oum
809 2335 979 2376 comaron
1001 2349 1046 2360 -
1065 2310 1185 2374 Multos

164 2447 288 2513 autern,
306 2454 423 2516 eosque
437 2430 738 2518 praestantissimos,
754 2431 872 2515 exejus
887 2430 999 2494 schola
1012 2427 1185 2516 discipulos

163 2571 368 2628 causaturus
384 2547 540 2636 prodiisse
556 2547 671 2630 tradit,
690 2563 723 2612 et
742 2563 880 2634 quatuor
896 2544 1042 2634 quidem,
1053 2526 1187 2608 -otanun-

161 2691 273 2749 rann,
290 2689 501 2747 naumurum,
518 2688 704 2730 oswannun-
715 2681 748 2729 et
765 2687 955 2746 canocnun,
974 2685 1053 2752 prae
1072 2662 1186 2728 ceteris

163 2783 355 2866 laudabiles,
382 2783 498 2872 quippe
522 2783 576 2870 qui
606 2784 651 2848 ob
678 2783 845 2848 doctrinae
869 2799 902 2848 et
929 2782 1053 2848 virtutis
1078 2781 1186 2846 excel-

162 2901 290 2964 lentiam
316 2916 405 2964 tanta
437 2899 521 2988 apud
548 2901 703 2988 populum
727 2900 909 2964 fruerentur
935 2899 1184 2979 existimatione,

159 3034 197 3081 ut
228 3040 341 3081 eorum
374 3039 467 3082 causa
492 3017 603 3084 clerici
631 3018 751 3107 pariter
782 3033 816 3082 et
837 3016 977 3106 religiosi
1005 3039 1120 3106 magna
1150 3016 1185 3080 in

159 3134 368 3198 veneratione
391 3149 493 3197 essent
510 3135 570 3221 (1)
603 3135 706 3198 Porro
723 3135 800 3198 tales
820 3134 991 3226 discipulos
1008 3133 1071 3216 ait,
1092 3157 1185 3200 vene·

161 3250 271 3314 rabilis
297 3249 438 3340 magistri
465 3249 595 3339 vestigia
628 3268 809 3338 sequentes,
842 3253 984 3316 omnium
1012 3251 1124 3316 oculos
1150 3251 1185 3315 iu

162 3393 196 3434 se
231 3369 446 3450 convertisse,
480 3391 633 3434 nonnum
670 3370 766 3434 etiam
802 3368 906 3457 regis,
953 3368 1008 3453 qui
1045 3367 1183 3432 maximo

195 3627 241 3695 (1)
262 3625 406 3677 Claranus.
427 3621 487 3674 1.,1.
507 3637 568 3688 pag.
589 3619 649 3670 276.
685 3618 833 3683 Coranos,
858 3617 1058 3689 ludimagister
1080 3620 1182 3671 Cantu-

265 3709 416 3774 brigiensis,
427 3706 475 3772 ,qui
490 3703 534 3754 hic
549 3715 723 3765 narraturus,
739 3703 781 3753 vel
793 3704 880 3771 potius
893 3720 1038 3768 rattruut,
1055 3707 1181 3773 sequitur,

264 3802 294 3843 ut
307 3807 367 3844 suae
382 3789 455 3840 urbis
470 3787 637 3841 Academiam
653 3786 826 3852 antiquiorem
840 3803 896 3836 esse
909 3785 1002 3854 probat
1015 3789 1165 3838 Parisiensi
1172 3823 1180 3849 ,

264 3875 353 3936 addit,
377 3873 444 3926 hauc
464 3890 477 3924 a
499 3881 607 3938 quatuor
628 3869 682 3919 illis
703 3885 781 3920 usust
803 3869 939 3939 discipulis
962 3888 1017 3924 esse
1040 3871 1181 3922 conditam.

265 3957 324 4010 «As
340 3957 380 4008 lor
396 3957 483 4018 Paris,
502 3954 558 4006 that
573 3953 663 4003 claims
676 3951 720 4002 the
734 3952 912 4022 precedency,
932 3955 954 4005 ἰι
968 3966 994 4005 at
1007 3955 1052 4006 the
1067 3965 1134 4005 most
1147 3971 1182 4004 no

264 4039 336 4092 older
358 4039 422 4090 thau
443 4038 490 4089 the'
510 4039 586 4106 reign
600 4035 629 4086 oi
645 4034 852 4104 Charlsmagne,
878 4035 929 4086 and
944 4035 1061 4086 founded
1076 4035 1111 4102 by
1125 4035 1184 4096 four

266 4123 389 4190 disciples
410 4123 438 4174 of
460 4123 505 4174 the
519 4119 664 4172 Venerablc
681 4134 778 4172 usur.»
818 4119 932 4185 History
952 4119 986 4182 os
1001 4117 1041 4168 tlte
1058 4118 1137 4168 Unio.
1152 4118 1186 4183 os

269 4209 373 4259 Cambr.
390 4209 422 4275 ty
439 4223 462 4262 t.
479 4221 574 4270 otum
592 4205 673 4258 lond.
689 4205 765 4258 17⁵3.
783 4222 842 4274 pag.
858 4205 885 4255 3.

982 4301 1023 4362 αὔ
