2900 5278
661 457 698 521 11

169 643 282 733 Neque
305 657 413 708 tamen
434 640 566 704 invoco
576 629 829 728 propinquorum
843 639 1038 708 haerendtun
1054 656 1118 727 est,
1141 658 1195 710 aut

172 761 254 830 aden
281 786 320 828 ea
340 757 533 851 premenda,
563 771 600 822 ut
622 753 698 822 inde
723 771 886 842 sequatur,
900 749 989 824 illum
1002 763 1069 845 jam
1084 776 1194 828 tenera

157 895 272 955 ,aetate
296 879 483 969 parentibus
501 877 667 956 orbatum,
698 889 793 962 atque
816 872 940 940 idcirco
965 877 1033 942 aliis
1060 877 1195 946 educan-

157 998 248 1073 ,dum
262 998 358 1064 ittisse
373 993 523 1060 traditum
540 992 601 1082 (1).
648 992 692 1058 Ut
706 1007 742 1056 ut
755 1007 818 1074 est,
838 998 986 1081 praeerat
1002 998 1195 1062 monasterio

173 1116 439 1195 Wircmutltensr',
462 1134 562 1200 quum
585 1130 669 1174 nunt
689 1133 770 1198 puer
790 1107 873 1176 illud
887 1111 1041 1194 intrabat,
1061 1134 1196 1180 ensent-
1278 1098 1280 1102 ¹

160 1257 251 1304 xcrus
267 1233 350 1298 solus
365 1231 489 1311 Abbas,
511 1228 613 1294 altero
627 1227 686 1292 illo
707 1227 868 1296 Girviensi
881 1227 1028 1294 nondum
1046 1229 1197 1315 condito,

169 1352 212 1416 A.
240 1350 324 1436 6793
347 1349 382 1411 in
400 1370 466 1434 quo
485 1361 595 1412 mmen
613 1362 727 1435 postea
745 1345 833 1435 apud
848 1369 1078 1432 cnonrtunnsr,
1102 1372 1197 1437 quem

158 1468 330 1536 <Abbatem
367 1487 567 1532 nnsumcrns
600 1464 824 1545 constituerat,
863 1467 980 1552 quique
1006 1489 1066 1554 per
1097 1489 1197 1533 annos

166 1585 300 1676 uiginta
326 1584 466 1670 quinque
495 1582 542 1646 illi
564 1581 720 1670 praefuit,
752 1581 921 1665 mansisse,
953 1599 1050 1670 atque
1075 1583 1196 1652 ibidem

172 1701 257 1768 diem
273 1723 455 1789 supremum
472 1700 589 1764 obiisse
603 1696 730 1764 videtur
744 1697 805 1787 (a).
1179 1727 1181 1735 ⁴

158 1883 163 1896 ,
214 1819 484 1908 Praeceptoribus
513 1841 587 1884 nsua
613 1833 682 1900 est,
711 1818 746 1884 in
775 1817 886 1904 quovis
914 1817 982 1884 fere
1012 1817 1199 1908 disciplinae

162 1961 306 2029 genere,
331 1936 489 2025 pluribus.
536 1936 608 2024 Ipse
633 1950 792 2000 memorat
815 1957 1065 2004 nanunsnrnnss
1089 1961 1201 2026 quemu

171 2053 248 2128 dam
273 2055 484 2134 monachum,
515 2052 570 2140 qui
595 2053 630 2118 in
653 2053 849 2120 monasterio
874 2075 912 2120 ae
934 2054 1135 2143 magisterio,
1164 2070 1201 2121 ut

165 2174 235 2255 ait,
262 2193 405 2254 cnnnsn,
436 2171 588 2259 Episcopi
613 2169 896 2258 Licciffeldenst's,
921 2169 1104 2254 educatus,
1118 2195 1200 2242 unus

173 2292 234 2356 fuit
263 2314 302 2356 ex
327 2292 384 2372 iis,
415 2290 470 2376 qui
500 2312 576 2354 eum
600 2289 636 2352 in
666 2288 700 2356 S.
731 2287 896 2377 Scriptura
922 2287 1110 2356 erudiebant
1138 2289 1199 2380 (3).

164 2409 345 2476 Praeterea
373 2425 524 2472 sosrrnu
550 2406 827 2488 Beaerlacensem,
862 2407 918 2493 qui
944 2407 1051 2495 primo
1077 2408 1202 2495 Hagni-

125 2615 127 2621 Α
164 2526 279 2608 'stadt',
298 2522 415 2590 deinde
436 2522 579 2600 Eboraci
601 2522 829 2611 Episcopatum
854 2524 975 2606 tenuit,
999 2522 1123 2590 audisse
1141 2540 1203 2592 trt-

177 2643 263 2710 ditur
286 2643 349 2730 (4),
379 2657 413 2708 et
437 2643 481 2706 ob'
508 2641 593 2706 vitae
616 2641 831 2730 integritatem
858 2641 1041 2731 ingeniique
1065 2665 1201 2710 acumen

164 2927 174 2940 ’
212 2941 254 3012 (1)
273 2941 370 2995 Saxon.
383 2941 503 3014 paraphr.
517 2940 597 2992 habet
611 2956 711 3006 maga,
729 2941 800 3008 quod
817 2957 909 2992 omnes
926 2939 980 2991 iere
994 2941 1200 3009 propinquorum

161 3045 165 3054 ·
275 3032 496 3094 cognatorumque
512 3025 606 3094 gradus
618 3024 723 3075 denotat
731 3059 738 3086 ,
746 3033 867 3092 putentes
873 3023 950 3073 etiam
961 3039 989 3074 ac
996 3023 1102 3074 liberos.
1109 3024 1202 3076 Restm

195 3132 198 3138 ‚
278 3109 380 3158 arisoth
402 3123 487 3172 engen
507 3123 620 3172 atagos,
646 3105 698 3158 filii
713 3107 849 3176 insurgent
861 3116 948 3158 contra
961 3117 1090 3177 parentes.
1111 3107 1199 3161 nasu.

163 3181 166 3190 '
278 3187 310 3238 Χ.
326 3189 370 3239 21.
396 3189 481 3251 Thes,
505 3189 591 3238 ottste
608 3189 657 3257 hyr
670 3207 780 3254 magos,
799 3191 921 3254 hiccine,
940 3208 973 3242 an
988 3193 1045 3260 ejus
1058 3194 1201 3259 parentes?

279 3269 447 3334 Jcan.IX‚2
457 3269 539 3334 t,18.
553 3270 653 3334 Magea
665 3273 1200 3342 vocantButari,undeetirmmnagsctap.

217 3352 260 3424 (2)
280 3354 349 3406 Btns
364 3355 438 3406 istst
454 3356 590 3406 Abbatum
605 3355 677 3407 Edit.
690 3369 827 3407 vuantos.
820 3374 901 3425 ..pag
917 3358 968 3408 226
982 3368 1007 3408 et
1020 3358 1081 3410 239

212 3439 255 3507 (3)
276 3439 350 3490 Hist.
363 3440 465 3490 Eccles.
480 3437 540 3491 Lib.
558 3439 603 3490 IV.
619 3455 643 3489 c.
656 3439 682 3488 3.

214 3519 257 3590 (1)
279 3521 357 3590 Apud
372 3536 429 3573 ent.
438 3522 574 3573 Malmesb.
589 3538 668 3590 quem
686 3522 766 3572 citant
780 3521 923 3590 Scriptores
935 3523 1032 3588 Biogr.
1044 3523 1118 3574 Brit
1132 3460 1203 3578 nihil

281 3603 329 3654 bec
344 3604 377 3654 de
392 3621 420 3656 rc
436 3606 561 3669 invenio,
580 3606 610 3655 in
628 3605 700 3656 Gett.
717 3606 786 3669 Reg.
805 3605 908 3669 Am,
925 3604 1070 3656 nihilitem
1084 3608 1112 3657 in
1129 3609 1201 3661 Gest.

281 3687 387 3753 Pontis.
401 3686 518 3740 Eborac.
553 3686 649 3740 Contra
662 3688 758 3738 diserte
772 3697 856 3738 narrat
869 3702 947 3740 rso!-
961 3691 1122 3741 tinnientia
1137 3693 1201 3744 Aet.

282 3771 364 3821 Pont.
387 3771 565 3835 Eburum,
585 3772 706 3840 inopere
721 3771 790 3822 laud.
805 3789 832 3840 p.
846 3771 925 3823 1692.
942 3771 1036 3824 «inter
1049 3791 1115 3841 quos
1131 3773 1203 3840 (dis-

280 3853 382 3922 cipulos
401 3854 519 3923 toartis)
535 3854 724 3906 adientissime
737 3857 816 3908 totius
827 3857 986 3908 Britanniae
999 3858 1103 3908 lucerna
1119 3873 1201 3922 nens,

280 3938 326 4002 qui
347 3939 416 3988 inter
442 3937 556 3989 illustres
577 3939 699 3991 ccclesiae
720 3940 836 3992 doctores
861 3940 1047 3992 celeberrimus
1072 3941 1201 4004 habetur,

284 4019 478 4088 insignissimus
500 4024 558 4090 ejus
580 4023 680 4076 auditor
703 4025 771 4089 iuit,
787 4042 868 4093 quem
887 4038 913 4076 et
927 4025 983 4094 ipse
998 4041 1044 4091 pro
1057 4025 1123 4075 ritae
1138 4039 1203 4074 san·

282 4102 387 4167 ctitate,
411 4114 468 4156 tunt
493 4122 542 4173 pro
563 4123 654 4159 sensus
675 4107 832 4173 subtilitate,
852 4109 919 4159 miro
938 4106 1075 4176 amplexus
1096 4123 1201 4170 aurore,

283 4185 363 4252 digno
378 4204 481 4256 quoque
496 4191 683 4244 venerabuntur
696 4191 827 4246 bonore.»
840 4219 873 4234 -
883 4189 1056 4246 Ninittostns
1071 4190 1202 4258 (ttAct.
