2918 5284
634 489 672 552 81

175 671 286 739 beorn
303 668 505 736 Venerabilis
518 669 604 733 Hist.
623 669 713 733 Eecl.
741 669 853 733 Gentis
868 669 1068 757 Angelorum,
1092 689 1157 734 ana

128 815 201 856 eum
224 792 355 880 reliquis
382 792 451 876 ejas
471 786 629 875 Operibus
645 789 816 852 Historicis
841 796 875 852 in
897 811 992 852 naam
1009 788 1157 852 volumen

130 909 287 991 collectis,
312 931 391 972 cara
412 927 572 970 rouruurs
598 927 699 969 suma
718 907 752 970 S.
772 908 811 970 Τ.
829 907 869 970 Ρ.
888 919 921 970 et
934 907 1025 970 Eael.
1044 907 1164 971 Dunel·

131 1033 250 1090 mensis
272 1048 337 1090 non
365 1032 412 1088 tta
432 1023 560 1112 pridem
593 1023 758 1089 Canorttai.
806 1023 1028 1112 cantabrigiae
1061 1048 1157 1114 ¹7²²·

132 1143 206 1208 Hoc
228 1163 311 1232 opus
332 1157 562 1231 postmortem
584 1138 834 1230 demumnpattis
851 1139 988 1206 absolvit
1003 1157 1036 1207 et
1056 1140 1158 1208 edidit

136 1283 294 1326 canamus
317 1259 413 1325 filius.

177 1378 321 1466 Reliquis
343 1394 450 1442 autem
472 1376 635 1441 Historiae
658 1398 761 1440 aaran
779 1375 956 1443 editoribus
974 1376 1076 1442 laudis
1090 1377 1158 1467 pal·

134 1517 224 1559 mam
249 1495 422 1583 praeripuit
445 1515 564 1576 suma,
594 1508 660 1558 tam
688 1509 822 1584 propter
849 1493 1028 1560 adhibitam
1054 1495 1089 1560 in
1118 1517 1159 1560 eo

136 1610 267 1676 edendo
291 1609 502 1700 diligentiam,
528 1631 624 1699 quam
653 1611 697 1674 ob
725 1611 886 1700 egregios,
912 1613 1026 1699 quibus
1053 1613 1098 1676 uti
1129 1613 1160 1677 ei

135 1728 275 1810 licebat,
303 1727 419 1794 fontes.
466 1728 553 1810 luter
581 1750 662 1814 quos
689 1727 870 1818 principem
897 1729 1006 1795 locum
1034 1731 1161 1794 obtinet

136 1844 250 1910 Codex
277 1843 349 1911 MS.
380 1845 524 1909 omnium
551 1845 795 1928 secretissimus,
826 1847 881 1933 qui
908 1862 1002 1910 antea
1029 1829 1161 1911 eratin

136 1963 335 2052 possessione
351 1983 446 2027 sonu.
466 1985 570 2045 uoar,
595 1963 747 2053 Episcopi
766 1963 927 2046 Eliensis,
952 1962 1161 2051 hodiequein

136 2080 222 2145 Bibl.
241 2080 341 2169 Regia
358 2079 618 2168 Cantabrigiensi
635 2097 788 2148 servatur.
836 2082 892 2146 Est
907 2082 961 2145 hic
977 2079 1088 2146 Codex
1105 2103 1160 2144 an·

138 2197 235 2285 tiquis
254 2196 352 2261 literis
369 2197 661 2286 Angla-Samounis
679 2199 766 2262 eirca
782 2219 900 2262 annum
917 2197 1002 2286 737,
1024 2196 1162 2284 ideoque

136 2327 212 2404 post
223 2335 326 2380 sanae
339 2330 479 2380 mortem
490 2313 665 2382 secuudum
682 2314 874 2404 descriptus,
893 2337 933 2380 ex
944 2316 1042 2404 ipsius
1053 2331 1162 2380 aucto·

136 2432 182 2496 ris
199 2432 424 2521 Autographo,
451 2448 484 2498 et
506 2433 540 2497 in
566 2433 638 2522 ipso
664 2434 880 2515 monasterio,
905 2433 961 2496 ubi
986 2432 1161 2498 Historiam

136 2571 227 2614 suam
250 2565 477 2639 composuerat
501 2549 513 2636 (
536 2550 562 2636 ).

181 2667 377 2758 Nuperrime
399 2666 496 2730 etiam
511 2664 673 2749 Societas,
692 2665 832 2732 Londini
848 2690 958 2733 recens
975 2669 1164 2753 constituta,

138 2787 190 2851 cui
208 2807 333 2850 nomen
349 2799 414 2849 est:
428 2850 431 2857 ,
444 2783 512 2847 Tne
531 2784 670 2873 English
692 2785 870 2850 Historical
882 2786 1023 2872 Society,
1046 2810 1163 2853 novam

137 2901 322 2968 Editionem
331 2902 529 2991 procuravit,
543 2923 623 2989 quae
631 2902 828 2966 inscribitur:
847 2901 1047 2968 Venerabilis
1059 2925 1164 2968 arnse

138 3023 284 3086 Historia
305 3019 535 3084 Ecclesiastico
560 3020 673 3086 Gentis
692 3019 882 3109 Angloram.
916 3020 975 3086 At
985 3021 1087 3110 fidem
1110 3021 1166 3087 Co·

140 3137 248 3202 dicam
280 3139 369 3204 MSS.
399 3146 560 3202 recensuit
583 3161 611 3202 r.
636 3157 824 3205 subversore.
866 3137 970 3204 Lond.
1000 3140 1082 3206 1838
1106 3139 1119 3227 (
1141 3140 1165 3227 ).

245 3379 428 3430 Londiacnais.
469 3379 534 3448 Ejus
555 3388 642 3430 autem
657 3375 791 3444 exemplar
803 3392 850 3444 pro
864 3391 909 3426 sua
923 3374 1083 3426 humanitate
1098 3376 1165 3428 mibi

246 3462 279 3512 ad
292 3479 367 3512 usum
382 3460 454 3512 dedit
470 3460 635 3513 Clarissimus
649 3459 717 3509 Bibl.
727 3457 822 3526 Regiae
837 3457 996 3506 Pariaianac
1009 3457 1165 3512 Praefectus.

248 3544 287 3597 lte
300 3545 476 3596 haelldiiione
490 3546 635 3596 conseratur
647 3543 764 3592 Journal
773 3543 818 3592 des
827 3540 1164 3612 Savanlslb81.pag.816,

249 3639 275 3680 et
290 3631 360 3681 Acta
374 3631 485 3680 Eradii.
499 3629 578 3680 isat.
593 3645 653 3696 pag.
669 3627 731 3676 330.

184 3712 227 3782 (1)
248 3713 309 3765 Vid.
323 3729 400 3766 sarra
416 3715 445 3763 in
455 3711 538 3764 Praei.
552 3709 656 3763 etoonl.
663 3709 696 3758 de
705 3710 762 3776 ejus
771 3707 892 3759 Editione
901 3711 962 3760 Aci.
969 3710 1078 3762 Erudit.
1086 3711 1164 3763 titt.

246 3797 373 3866 psalli.
388 3792 765 3857 Mtoairttttraetagrantc
771 3792 905 3854 Brciagac
914 3790 1165 3861 Tom.X.pcg.520.

184 3881 227 3950 (2)
247 3881 309 3933 vid.
331 3881 365 3931 de
386 3879 434 3930 bae
454 3879 576 3931 Editione
593 3877 724 3947 judicium
743 3877 772 3925 in
794 3875 849 3927 Tlre
866 3874 970 3925 Britain
984 3877 1037 3926 aad
1050 3879 1167 3941 Foreign

252 3965 395 4032 Quarierly
410 3965 526 4014 Review.
541 3962 590 4014 ΝΟ.
604 3960 684 4023 ΧΙΙΙ,
700 3957 763 4027 tuly
776 3958 854 4009 1838.
889 3956 957 4008 «ils.
969 3972 1105 4008 sarvtrsor
1120 3958 1167 4008 bas

248 4045 368 4115 prefixed
388 4059 414 4100 to
435 4046 478 4099 bis
501 4061 566 4098 etat
586 4061 600 4094 a
617 4041 716 4093 critical
730 4040 923 4102 introduction,
943 4039 992 4088 lull
1005 4039 1035 4088 oi
1046 4037 1166 4091 raluable

248 4131 349 4182 noticss
363 4131 509 4200 respecting
523 4127 566 4179 his
580 4127 688 4191 author,
704 4126 755 4177 aad
769 4125 813 4178 the
828 4138 930 4176 sources
944 4121 974 4172 ol
985 4121 1029 4173 the
1045 4122 1168 4174 Historia

249 4214 437 4266 Ecclesiastico
452 4212 532 4266 itsell.
543 4231 557 4260 n

972 4307 992 4367 6
