2900 5278
789 446 812 508 ‚t

294 632 424 714 juvante
445 639 619 712 'terrasque
658 623 813 714 largiente
846 625 915 713 ipao
945 648 1110 710 aarnmo,
1145 633 1323 696 construxit

298 747 523 811 monasterium
548 767 574 808 s.
601 766 698 807 rarnr
722 767 824 832 prope
849 745 967 810 ostium
995 745 1134 812 fluminis
1159 750 1207 816 W
1204 755 1247 812 iri
1268 771 1324 814 seu

299 867 347 930 W
345 873 433 942 irae,
469 862 503 926 in
541 861 611 950 ripa
643 862 909 951 septentrionali,
950 861 1026 928 inde
1064 866 1112 931 W
1109 865 1323 930 tremuttense

297 982 360 1069 (W
357 980 530 1070 eremoutt)
550 979 689 1065 dictum,
714 1005 800 1047 anno
819 982 896 1070 674.
944 982 1029 1048 Octo
1052 984 1144 1048 annis
1166 983 1320 1072 post(1),

399 1265 477 1315 didit.
524 1263 683 1314 Breaoroaoa
703 1261 747 1313 hie
769 1275 884 1313 arsoorua
903 1275 982 1313 oswio
1003 1263 1057 1331 regi
1079 1262 1163 1313 sumt
1185 1264 1324 1328 minister,

401 1347 506 1416 qualem
529 1345 646 1400 saxones
666 1346 786 1396 thanum
803 1345 895 1411 (thegen
909 1356 934 1396 et
947 1349 1092 1414 cynninger
1106 1348 1231 1412 thegnaa,
1249 1347 1325 1398 thani

402 1432 503 1500 regii),
531 1432 684 1482 Normanni
705 1430 831 1480 Batonem
854 1440 960 1494 vocant5
986 1429 1083 1480 deinde
1113 1447 1173 1481 vero
1202 1431 1326 1481 militiam

401 1525 426 1565 et
446 1531 534 1565 rerum
553 1513 671 1564 civilium
694 1511 777 1562 studia
792 1510 963 1579 relinquens,
990 1528 1082 1562 omnes
1098 1511 1166 1562 vires
1181 1513 1247 1563 vitae
1263 1529 1327 1562 mo-

401 1598 514 1650 nasticae
530 1595 711 1666 provehendae
728 1594 866 1664 impendit.
896 1594 980 1646 Ranae
996 1596 1071 1647 Hiat.
1085 1597 1221 1646 Aebutum
1233 1597 1326 1650 Wire-

400 1683 576 1732 mutinensium
603 1684 628 1730 et
653 1680 858 1742 Girwiensium,
885 1678 1007 1730 editionis
1030 1697 1043 1728 a
1064 1695 1087 1731 J.
1118 1695 1223 1733 wentae
1245 1681 1324 1732 Dubl.

400 1767 486 1826 1664,
514 1781 580 1832 quae
599 1765 709 1833 repetita
724 1773 762 1814 est
775 1761 807 1812 ab
824 1777 850 1812 n.
866 1777 1017 1814 wnaaroeo.
1032 1761 1115 1814 Lond.
1130 1763 1208 1816 1693.
1226 1765 1285 1815 Lib.
1303 1765 1325 1815 t.

287 1835 289 1844 Ι
396 1865 458 1917 pag.
477 1848 539 1899 222.

335 1933 377 2003 (i)
398 1931 475 1984 Recte
488 1932 538 1984 hoe
551 1943 659 1984 statuere
674 1930 751 1982 nobie
764 1929 903 1994 videmur,
921 1930 1040 1998 quamvia
1052 1929 1098 1980 alii
1112 1929 1197 1982 aliter.
1230 1929 1323 1982 Nimi-

404 2032 462 2066 rum
478 2025 559 2066 exstat
573 2025 646 2067 vetua
659 2016 810 2084 inscriptio,
828 2013 922 2083 parieti
936 2013 1060 2066 eeclesiae
1076 2017 1222 2066 Girvimsis
1237 2032 1326 2084 quon-

398 2099 458 2150 dam
472 2099 619 2168 insculpta,
637 2099 708 2150 huno
722 2100 751 2149 in
764 2098 888 2150 modum:

615 2219 617 2224 '
661 2215 798 2270 ntntoaar'o
818 2233 950 2270 arsinoae

629 2318 651 2353 e.
669 2315 743 2352 ratu
762 2315 815 2352 tut
835 2316 893 2352 aaa.
928 2317 988 2354 aare

619 2433 625 2446 ,
647 2399 713 2436 earo
730 2399 763 2433 ar
781 2398 885 2434 arram
905 2400 978 2436 nauta

612 2482 747 2519 eaotrauu
766 2483 825 2517 aaa.
843 2483 1000 2528 erosaenort

640 2565 778 2602 noctram
797 2565 844 2602 nee
861 2567 975 2603 aroroaa

668 2648 818 2686 conataoara
835 2650 901 2688 areo
919 2650 958 2686 rr.

406 2761 475 2829 Quae
487 2757 565 2811 verbe
578 2775 638 2809 oum
653 2758 769 2809 indicent
782 2775 879 2808 ennam
894 2759 1017 2812 eoeleaiee
1032 2760 1183 2827 dedicatae,
1199 2781 1252 2816 non
1265 2783 1329 2820 vero

407 2844 557 2894 monasterii
572 2843 690 2907 conditi,
707 2843 767 2892 aatia
780 2853 900 2912 apparet,
916 2843 986 2894 unde
994 2843 1108 2914 Scriptor
1116 2848 1144 2896 in
1151 2849 1245 2912 Biogr.
1253 2851 1329 2903 Brit.

409 2925 467 2992 (Dr.
482 2941 631 2990 oanrnatt,
652 2927 680 2977 ni
694 2926 781 2994 fallor)
797 2925 870 2977 hiaoe
885 2927 1094 2993 confundendis,
1111 2933 1266 2982 inea-rorem
1280 2935 1328 2984 in-

405 3011 466 3061 duoi
480 3027 507 3060 ae
524 3025 614 3077 paaaue
628 3011 670 3060 ait.
706 3009 785 3060 Goni.
806 3025 912 3077 quoque
932 3025 1010 3063 entre
1025 3029 1053 3080 p.
1066 3011 1118 3064 269
1133 3015 1163 3062 in
1177 3025 1232 3067 not.
1265 3015 1328 3085 Ipso

407 3105 495 3144 autem
515 3109 580 3144 aena
599 3103 699 3145 duotore
720 3095 750 3144 in
771 3095 845 3145 Birt.
867 3095 896 3144 de
913 3094 942 3144 V
940 3097 969 3146 it.
985 3096 1055 3146 Ate.
1069 3096 1088 3148 l.
1102 3096 1122 3148 1.
1136 3096 1203 3148 hane
1217 3099 1327 3150 facimus

404 3178 633 3246 computationem.
669 3176 743 3228 Prius
763 3179 950 3229 monasterinm
970 3195 991 3229 a.
1006 3194 1080 3230 rtrar
1096 3191 1267 3232 constructum
1288 3193 1328 3234 eat

408 3277 476 3312 nnno
496 3261 564 3324 674,
584 3275 688 3311 tutatur
709 3263 780 3330 regia
800 3273 908 3330 quarto,
931 3281 958 3331 p.
978 3263 1030 3314 224
1049 3264 1118 3315 Edit.
1133 3279 1252 3330 varan,
1270 3277 1327 3318 orto

407 3360 489 3394 annos
505 3343 575 3394 aolue
589 3343 655 3394 illud
670 3346 738 3394 rexit
752 3358 923 3405 retenturus,
939 3360 1022 3410 uaque
1037 3343 1118 3408 dum,
1131 3346 1235 3397 condito
1248 3347 1329 3398 altero

406 3426 716 3488 montemaureum,
738 3425 771 3475 Δ.
791 3425 859 3488 682,
883 3424 944 3476 huie
962 3439 1139 3492 eaotrarau,
1159 3430 1200 3480 illi
1216 3445 1328 3482 aeaeae-

407 3522 497 3557 wraoat
517 3506 686 3575 praeficeret,
710 3505 849 3576 utrumque
865 3508 994 3560 Abbatam
1008 3513 1168 3564 eonatituene
1188 3512 1240 3564 eibi
1261 3513 1328 3564 auh-

407 3591 535 3654 misaum,
553 3609 582 3660 p.
596 3591 657 3642 2²7.
699 3589 769 3643 Cum
783 3607 944 3646 aaaraawteo
958 3595 1074 3664 primum
1088 3606 1215 3664 quatuor,
1229 3595 1327 3649 dehine

407 3691 468 3725 aum
488 3689 605 3726 arorarno
630 3684 696 3739 trea,
724 3675 840 3744 denique
867 3693 927 3728 oum
954 3691 1093 3730 onotratno
1122 3695 1205 3728 unum
1228 3695 1328 3728 eanum

408 3757 516 3808 Abbatie
529 3758 615 3809 officio
628 3759 731 3810 iunotna
745 3769 912 3828 mortuusque
929 3769 968 3812 eat
983 3759 1016 3812 t.
1029 3761 1099 3824 696,
1122 3760 1236 3812 eedeoim
1246 3763 1330 3828 ,annia

406 3853 543 3910 poatquam
562 3845 748 3894 monasterium
769 3859 789 3893 a.
805 3857 879 3894 reret
905 3841 1073 3906 fundaverat,
1092 3861 1120 3912 p.
1134 3843 1198 3896 233.
1241 3842 1329 3897 Catt-

408 3941 498 3978 ratnus
522 3937 626 3992 autem,
646 3938 783 3996 postquam
805 3938 905 3997 septem
927 3945 1009 3980 annos
1033 3929 1190 3980 monasterio
1209 3944 1230 3978 a.
1251 3942 1330 3979 rautr

407 4011 568 4079 praefuerat,
594 4012 621 4062 id
643 4023 698 4077 eat,
724 4029 805 4081 neque
827 4012 860 4062 ad
881 4013 913 4063 A.
928 4013 999 4075 689,
1025 4010 1159 4079 utriunque
1177 4010 1329 4062 monasterii

405 4094 493 4146 Abbaa
506 4105 605 4147 oreatus
617 4105 668 4161 εει,
682 4114 761 4164 quam
774 4096 928 4166 dignitatem
942 4097 1027 4148 tenuit
1039 4113 1122 4150 annot
1134 4096 1328 4163 duodetriginta
1434 4089 1435 4096 ’

400 4195 427 4244 p.
441 4179 502 4230 ²34.
539 4180 607 4233 Cum
628 4181 670 4232 hia
692 4181 814 4236 omnibus
834 4182 913 4246 vide,
937 4197 1016 4248 quam
1038 4183 1144 4250 egregie
1157 4188 1324 4248 congruent,
