2900 5278
639 475 681 537 ta

152 675 223 724 tam
245 657 349 739 duxit,
378 670 413 721 et
427 655 588 745 praefatus
603 654 740 744 puer(1)
755 653 852 720 dixit:
877 655 1010 723 «Adhuc
1029 681 1092 725 una
1105 683 1174 727 sen·

154 775 270 857 tentia,
295 773 448 864 Magister
468 773 606 855 dilecte,
635 796 701 837 non
733 789 780 838 est
804 773 993 863 descripta.»
1029 779 1072 842 At
1097 779 1171 845 ille:

151 890 301 974 «Scribe,
318 892 440 979 inquit,
459 892 559 957 cito.»
580 891 658 955 Post
675 889 838 955 modicum
853 889 932 954 dixit
947 916 1043 980 puer:
1055 895 1174 961 «Modo

152 1011 309 1074 sententia
325 1007 484 1098 descripta
500 1023 565 1074 est»
581 1006 638 1097 (a).
664 1008 708 1071 At
723 1008 793 1072 ille:
812 1011 936 1090 aBene,
955 1010 1077 1097 inquit,
1095 1013 1175 1078 veri.

154 1141 254 1192 tatem
271 1125 392 1191 dixisti:
422 1140 674 1206 consummatum
690 1139 756 1206 est3
779 1126 889 1213 accipe
905 1141 1002 1214 caput
1019 1151 1126 1193 meum
1140 1129 1176 1194 in

155 1267 265 1308 manus
286 1259 354 1306 tuas
373 1241 439 1330 (3),
464 1242 538 1329 quia
560 1241 694 1306 multum
713 1265 765 1306 me
783 1240 922 1308 delectat
936 1241 1047 1309 sedere
1062 1268 1102 1311 ex
1117 1245 1174 1310 ad·

149 1381 241 1423 verso
257 1359 458 1424 locosancto
475 1382 567 1442 meo,
586 1359 621 1424 in
638 1382 703 1446 quo
720 1382 814 1424 orare
830 1360 993 1442 solebam,
1012 1377 1049 1424 ut
1064 1377 1098 1426 et
1113 1385 1174 1452 ego

150 1475 263 1542 sedens
278 1476 410 1541 Patrem
425 1499 535 1542 meum
557 1477 709 1540 invocare
730 1478 859 1564 possim.
869 1505 883 1534 a
918 1479 959 1542 Et
975 1479 1021 1544 sic
1037 1479 1071 1543 in
1086 1481 1177 1568 pavi·

151 1609 262 1659 mento
280 1617 354 1660 suae
371 1594 496 1660 casulae
513 1593 699 1659 decantans:
719 1591 848 1658 «Gloria
863 1594 968 1678 Patri,
985 1611 1018 1659 et
1030 1595 1127 1679 Filio,
1142 1613 1176 1664 et

150 1711 283 1801 Spiritui
308 1711 468 1794 Sancto,»
494 1733 566 1776 cum
597 1711 750 1800 Spiritum
784 1711 935 1776 Sanctum
960 1714 1173 1797 nominasset,

150 1829 297 1919 spiritum
320 1851 339 1894 e
361 1851 499 1917 corpore
521 1828 677 1894 exhalavit
697 1827 865 1911 ultimum,
887 1851 924 1892 ac
941 1829 988 1893 sic
1003 1852 1102 1918 regna
1118 1828 1176 1894 mi·

149 1947 252 2036 gravit
275 1945 318 2011 ad
334 1947 486 2013 coelestia
504 1944 562 2034 (4).
602 1945 720 2011 Omnes
738 1959 862 2028 autem,
888 1947 941 2033 qui
959 1945 1109 2012 siderum
1124 1943 1172 2036 (5)

149 2063 237 2130 beati
252 2039 356 2128 Patris
372 2065 497 2129 obitum
514 2062 578 2152 (6),
597 2086 759 2150 nunquam
778 2086 811 2128 se
830 2061 945 2128 vidisse
961 2085 1059 2126 unum
1077 2064 1175 2128 alium

151 2182 186 2244 in
201 2196 267 2245 tam
281 2203 396 2270 magna
411 2180 583 2246 devotione
602 2197 697 2268 atque
712 2180 942 2267 tranquillitate
956 2181 1053 2244 vitam
1068 2180 1176 2248 finisse

151 2297 302 2365 dicebant
323 2298 388 2386 (7):
421 2299 512 2385 quia,
541 2299 623 2362 sicut
639 2296 769 2381 audisti,
799 2321 961 2386 quousque
982 2300 1087 2364 anima
1107 2303 1174 2386 ejus

150 2417 186 2481 in
195 2438 335 2505 corpore
345 2415 423 2499 tuit,
435 2415 563 2480 oGlon'a
575 2415 681 2480 Patri»
694 2431 727 2481 et
740 2416 801 2481 alia
815 2415 972 2504 quaedam
986 2415 1027 2480 ad
1038 2417 1174 2504 gloriam

147 2633 483 2650 w--ae

186 2787 229 2856 (1)
249 2787 321 2837 Puer
344 2783 446 2836 nomine
461 2781 605 2834 Witberclt.
640 2781 758 2835 Iteratio
772 2781 850 2834 lectio
864 2792 947 2834 notata
961 2782 1082 2852 estapod
1097 2798 1171 2850 un,

252 2879 279 2920 et
294 2882 351 2920 aas.

184 2952 227 3020 (2)
246 2953 328 3002 Dixit
344 2979 380 2989 —
401 2950 531 3016 descripta
551 2953 598 2998 est.
634 2945 718 2998 Aliter
731 2956 758 2998 et
777 2947 884 2997 contusa
897 2946 1035 2999 verborum
1049 2957 1172 3002 deuotum

251 3032 320 3100 apud
340 3047 398 3082 ssa.
435 3031 570 3083 Sententia
587 3030 625 3102 ibi
639 3030 721 3082 deest.
757 3030 805 3081 Pro
820 3036 858 3081 est
869 3029 948 3083 habet
961 3037 1051 3085 restat.
1086 3031 1171 3086 Verba

252 3119 281 3165 at
295 3115 338 3164 ille
352 3141 386 3152 -
401 3115 529 3180 descripta
543 3119 580 3163 est
594 3113 670 3180 plane
690 3113 850 3166 exciderunt.

185 3197 229 3265 (3)
249 3197 287 3248 In
300 3210 396 3245 manns
409 3200 470 3244 tuas
484 3193 578 3244 desunt
592 3195 659 3262 apud
676 3210 728 3246 sm.
744 3197 820 3248 Dan.

186 3279 229 3348 (4)
251 3281 316 3330 Cum
338 3280 461 3345 spiritam
482 3307 517 3316 —
539 3279 666 3328 coelestia.
708 3279 756 3330 l'ro
775 3283 950 3343 nominasset,
973 3287 1097 3350 spiritam
1116 3299 1172 3340 ut.

250 3361 330 3413 habet
352 3363 501 3424 invocavit,
525 3375 612 3411 snam.
649 3360 775 3413 Binottus
794 3360 858 3414 haec
879 3366 966 3414 omnia
985 3365 1065 3434 longe
1077 3367 1170 3432 aliter,

147 3445 149 3450 ’
249 3459 275 3500 et
296 3447 405 3516 quidem
427 3447 478 3497 sic:
513 3445 570 3496 «Et
592 3455 690 3510 ceters3
712 3445 835 3498 ultimum
856 3465 889 3498 ex
908 3465 1014 3516 corpore
1042 3449 1173 3502 exhalarit

252 3531 381 3599 spiritum.
418 3528 503 3596 Atque
525 3529 582 3578 sine
607 3528 688 3579 dubio
708 3529 869 3580 credendum
889 3539 944 3593 est,
967 3531 1028 3598 quie
1049 3549 1096 3600 pm
1118 3547 1168 3598 eo,

251 3613 322 3681 quod
336 3611 380 3661 bic
398 3628 501 3680 semper
513 3610 696 3663 devotissimus
708 3613 737 3662 in
750 3611 800 3663 Dei
814 3612 934 3665 laudibus
948 3613 1120 3680 laboraverat,
1136 3617 1169 3669 ad

251 3697 343 3766 gaudia
357 3697 545 3748 desideriorum
557 3696 709 3747 coelestium
723 3699 810 3747 anima
823 3699 880 3766 ejus
893 3699 925 3748 ab
936 3699 1036 3768 angelis
1049 3712 1169 3769 portare·

250 3791 300 3831 tur.
310 3799 367 3830 a-
381 3779 434 3831 Hoc
449 3789 535 3830 antem
549 3797 632 3830 unum
646 3779 679 3830 de
694 3779 783 3830 multis
798 3780 918 3850 exemplo
935 3783 982 3846 sit,
999 3782 1068 3834 unde
1084 3781 1168 3833 intol-

251 3862 355 3932 ligatur,
372 3881 424 3932 quo
439 3863 517 3914 modo
531 3862 674 3932 Scriptores
689 3863 795 3932 quidem
810 3875 975 3915 monumenta
989 3867 1168 3933 antiquitatis,

228 3975 230 3980 ·
251 3964 316 4016 quae
331 3949 363 3998 ad
381 3965 488 3998 manum
502 3947 644 4010 baberent,
663 3965 709 4016 pro
724 3947 832 3999 consilio
847 3965 892 3999 suo
907 3950 1075 4016 corruperint.

183 4031 226 4100 (5)
251 4031 304 4094 Qui
318 4031 424 4094 andire,
441 4032 482 4081 oet
497 4031 590 4082 videre.
613 4030 674 4081 Lm.
690 4036 738 4098 qai
751 4033 910 4095 andierunt,
924 4039 950 4081 et
962 4031 1094 4081 viderunt.
1110 4044 1171 4082 nun.

182 4115 228 4183 (6)
249 4115 354 4165 Obitam
370 4129 448 4166 sanir
468 4116 561 4166 Patris
574 4117 667 4166 nostri.
685 4115 757 4167 Bm.-

183 4199 224 4266 (7)
248 4197 293 4251 Sic
299 4200 393 4266 finisse
406 4199 532 4254 dicebant.
552 4198 614 4251 Lan.
623 4200 715 4266 finisse
729 4199 902 4249 testabantur.
921 4194 983 4244 Bia.
