2918 5284
646 489 687 550 85

139 691 251 736 omnes
276 665 458 747 constabat,
491 663 572 729 falso
598 664 677 729 iilud
702 689 806 732 aaran
829 670 944 752 tribui,
970 671 1088 761 quippe
1109 679 1163 759 qui

136 787 312 855 secundum
343 783 542 849 narrationes
572 805 714 847 usuram
745 801 780 850 et
806 806 923 852 snours
952 787 999 876 (1)
1033 804 1164 856 centum

138 901 305 996 octogiuta
321 903 388 968 dies
404 924 523 967 vacuos
539 902 727 988 reliquisset.
765 901 947 970 Genuinum
964 929 1067 972 rursu
1083 917 1164 998 opus

135 1024 293 1090 invenisse
319 1022 381 1086 sibi
412 1022 495 1084 visus
523 1035 571 1085 est
601 1043 843 1104 assecuturus,
875 1039 907 1086 et
935 1026 1002 1109 ejus
1033 1025 1163 1113 quidem

135 1141 348 1231 fragmentum
371 1137 442 1204 MS.
467 1138 502 1201 in
526 1137 681 1204 Bibliotb.
708 1139 809 1227 Regia
831 1140 977 1220 Sueoiae,
1002 1141 1162 1230 integrum

136 1281 214 1323 vero
243 1255 405 1346 exemplar
425 1256 576 1335 Divione,
606 1253 821 1319 additamenta
842 1257 1009 1322 continens
1028 1258 1161 1324 minori·

138 1376 198 1440 bus
219 1374 320 1440 literis
339 1373 457 1463 scripte
471 1371 531 1462 (2).
578 1371 660 1436 Cum
679 1372 860 1438 bisantem
880 1373 985 1440 Codd.
1010 1397 1065 1441 sex
1081 1377 1161 1442 alios

138 1493 294 1573 contulit,
329 1507 362 1556 et
391 1490 529 1556 collecta
559 1513 615 1554 sua
643 1491 765 1579 publici
789 1492 868 1578 juris
897 1491 977 1557 fecit
1003 1493 1038 1560 in
1067 1497 1160 1560 Actis

138 1611 325 1674 Sanctorum
350 1607 418 1697 (3);
451 1609 506 1672 ubi
539 1630 595 1689 ea,
635 1631 715 1695 quae
750 1630 855 1672 annau
888 1610 1021 1676 nomine
1049 1613 1164 1699 majori

136 1743 290 1815 typorum
314 1725 419 1790 forma
439 1747 553 1791 excusa
575 1742 664 1807 sunt,
688 1726 723 1790 in
745 1727 896 1803 omnibus
916 1717 1010 1795 Mss‘.
1031 1727 1073 1794 ad
1090 1753 1161 1795 ver-

136 1844 216 1908 bum
235 1843 298 1933 legi
323 1841 418 1925 dicit3
443 1843 709 1933 Martyrologium
731 1867 826 1926 vero,
852 1844 940 1932 quod
954 1847 1039 1910 inter
1056 1869 1161 1912 annus

137 1961 246 2051 Opera
261 1975 377 2042 exstat,
402 1982 441 2025 ex
456 1982 564 2026 suoru
579 1975 718 2026 sumtum
734 1984 802 2026 esse
820 1961 934 2028 credit.
974 1957 1066 2028 Idem
1080 1963 1161 2030 illud

135 2101 211 2144 oum
240 2082 416 2145 Anemurio
443 2100 543 2143 ruorr
572 2080 606 2142 in
640 2101 696 2144 sua
721 2077 873 2144 Editione
904 2079 1162 2169 Cantabrigiensi

133 2199 265 2289 repetiit
284 2219 396 2264 sumu.
443 2197 486 2261 Et
508 2195 762 2262 additamentum
785 2196 826 2262 ad
846 2219 949 2262 suom
966 2197 1158 2287 Martyrolo

134 2317 222 2407 gium
245 2339 285 2382 ex
306 2315 428 2380 Codice
454 2316 503 2381 W
500 2314 716 2404 iroeburgensi
735 2315 833 2381 seculi
855 2316 902 2380 IX
925 2315 1014 2381 dedit
1036 2339 1157 2384 uena·

132 2434 284 2523 rnusffl).
301 2432 555 2500 huasrnuoru
570 2448 603 2498 et
617 2455 735 2498 ounnu
741 2434 899 2498 sententia
907 2431 1039 2497 dubium
1050 2449 1158 2500 tamen

133 2569 203 2636 est,
224 2577 263 2619 an
284 2555 380 2619 Festo
403 2553 554 2617 Omnium
578 2548 764 2616 Sanctorum
790 2551 823 2612 in
844 2551 908 2614 hoc
925 2549 1157 2639 Martyrologio

174 2801 216 2870 (1)
236 2797 298 2850 vid.
307 2811 409 2850 usuras.
423 2805 449 2846 et
456 2809 569 2860 suoru,
583 2793 743 2864 Arabispiso.
753 2764 1153 2866 Viennmsem,'tnMarryroto-

232 2885 296 2949 giis.
312 2879 425 2932 (irrosus
440 2895 548 2944 nasus,
563 2896 645 2947 quum
653 2878 828 2948 Martyrologia
840 2888 1018 2934 eturruorrrrt
1027 2891 1053 2932 et
1061 2897 1154 2945 arsat,

234 2980 301 3034 quas
314 2964 342 3012 in
353 2961 471 3013 ecclesiis
478 2962 583 3013 renitere
595 2979 652 3012 mos
659 2970 723 3024 erat,
738 2959 788 3010 sibi
796 2960 912 3012 breviora
921 2961 1154 3032 viderenturstque

232 3049 342 3117 jejune,
360 3061 489 3099 ostiarus!
504 3044 661 3096 monachum
675 3044 719 3095 illa
732 3043 892 3113 amplifioars
904 3045 990 3113 jussit.
1012 3044 1060 3096 iiio
1074 3065 1153 3116 opere

235 3148 281 3184 suo
300 3131 449 3200 peritmotus
470 3131 499 3181 in
521 3129 682 3181 Praefations
701 3127 734 3178 ad
756 3126 855 3196 Regem
876 3126 956 3191 dicit,
984 3142 1154 3184 ntraorruutt

237 3216 333 3265 nimiae
355 3213 481 3266 studuisse
501 3213 636 3276 brevitati,
657 3225 741 3263 ason
758 3226 818 3262 tero
836 3208 1003 3278 quamplures
1018 3209 1153 3264 Kalenda-

234 3316 293 3350 rum
307 3297 364 3348 dies
378 3298 485 3348 intactos
500 3296 645 3363 reliquisse.

171 3384 215 3452 (2)
235 3383 351 3434 Primum
363 3378 427 3431 baso
439 3395 512 3434 rtoat
529 3397 585 3432 esse
595 3379 737 3448 suspicatus
744 3386 800 3440 est,
813 3383 901 3444 postas
909 3385 1026 3426 mentem
1034 3371 1151 3432 mutavit.

170 3466 214 3534 (3)
234 3464 317 3517 Praei.
340 3461 415 3515 Tem.
437 3463 459 3516 1.
481 3463 587 3516 ianuar.
606 3480 668 3531 pag.
680 3462 724 3513 to.
741 3470 769 3512 et
782 3458 886 3527 Prolog.
901 3459 933 3510 ad
947 3475 1065 3510 mensem
1077 3459 1149 3514 Mart.

234 3549 310 3601 Tom.
323 3548 359 3600 ΙΙ.
375 3547 391 3612 8
406 3549 423 3599 5
438 3563 512 3614 seqq.
540 3547 694 3598 Genuinum
707 3561 786 3598 nrnsr
800 3561 866 3614 opus
876 3545 926 3596 hoo
939 3543 1032 3595 habuit
1044 3559 1149 3598 oramus

232 3635 261 3684 in
279 3634 419 3683 Commeat.
434 3628 524 3680 vett.
538 3630 641 3698 pag.5⁷
654 3639 680 3680 et
694 3647 754 3696 pag.
769 3629 847 3680 1883.
881 3626 976 3680 Notaut
989 3629 1079 3692 stiam,
1092 3640 1151 3700 post

233 3729 408 3778 ootoursmu,
431 3727 599 3766 usrtsorms
612 3711 632 3762 l.
649 3711 669 3778 ¹0.
689 3721 715 3762 et
728 3723 863 3762 rssrtoms
878 3709 952 3762 Tom.
970 3710 992 3763 1.
1004 3728 1064 3778 pag.
1079 3714 1151 3776 189,

233 3797 401 3859 bditmrsst,
416 3795 523 3863 reperiri
537 3795 565 3845 in
581 3792 640 3857 illo,
656 3808 723 3860 quas
738 3805 817 3842 runai
832 3791 977 3843 tribuentur
989 3793 1022 3842 sb
1037 3809 1149 3848 uranico

232 3884 261 3932 in
282 3880 424 3932 MiraeuIis
443 3895 464 3930 s.
480 3893 611 3939 ornum,
638 3877 730 3944 Episc-
746 3875 892 3928 Autissiod.
907 3869 973 3931 tib.
986 3875 1008 3928 1.
1022 3893 1079 3944 sap.
1092 3877 1147 3939 15,

231 3974 257 4014 et
277 3962 311 4013 ab
329 3976 456 4014 instrato
478 3963 505 4011 in
525 3959 584 4011 Lib.
599 3960 634 4012 11.
651 3977 708 4029 oap.
723 3959 766 4010 24.
781 3958 811 4010 ἀι
828 3956 925 4023 Officiis
939 3959 1058 4020 Eccita,
1077 3958 1146 4008 etde

230 4047 319 4097 ordine
334 4046 526 4113 Antiphonarii
538 4061 594 4112 onp.
608 4043 651 4095 28.
896 4095 899 4103 ,

168 4131 212 4201 (i)
232 4131 263 4181 In
288 4129 429 4181 Commeat.
450 4129 479 4179 de
501 4129 576 4178 retus
595 4127 725 4179 Francius
742 4128 842 4178 Orient.
856 4132 881 4177 et
894 4127 1018 4193 Episcop.
1034 4125 1076 4177 W
1074 4129 1141 4180 irce-

229 4213 350 4277 iurgans.
370 4211 436 4264 Tom
450 4212 471 4264 1.
486 4229 546 4280 pag.
563 4211 633 4274 828,
651 4211 713 4262 880.
726 4209 843 4265 Wiroeb.
859 4207 934 4260 1729.
