2900 5278
308 633 372 715 ris,
388 633 521 718 jubente
541 653 725 700 caenatum
746 633 891 717 Abbate,
905 633 946 698 de
965 633 1127 698 territorio
1146 633 1340 698 monasterii

310 773 405 815 aaran
435 767 467 816 et
493 772 592 817 raum
621 753 838 834 eremuder,
874 767 981 818 mente
1013 752 1090 816 licet
1119 771 1187 816 non
1217 750 1338 815 babitu
1404 757 1405 762 ’

310 870 519 952 monasticus,
535 874 603 956 jam
623 869 798 961 disciplinis
817 871 1003 953 inhaerens,
1024 891 1110 934 anno
1123 868 1188 934 682
1205 867 1339 956 (aetatis
1406 919 1407 928 ,

308 987 406 1077 igitur
437 986 599 1076 decimo!)
636 989 818 1076 pervenisse
853 987 1113 1076 Cantabn'gt'am,
1136 985 1192 1050 ubi
1213 985 1276 1049 sibi
1300 1000 1337 1050 et
1407 995 1408 1016 ³

311 1104 379 1168 aliis
408 1104 529 1170 huonis
562 1105 714 1170 scientiae
746 1103 957 1187 seminando,
997 1104 1097 1169 libros
1130 1100 1331 1184 scribendo,
1408 1099 1409 1104 ’

309 1221 428 1286 inscios
452 1221 674 1307 informando,
703 1222 878 1311 profecerit
904 1243 1015 1288 coram
1040 1221 1112 1288 Deo
1138 1237 1172 1286 et
1194 1220 1336 1286 homiui·

311 1338 371 1402 bus
402 1339 436 1402 in
471 1340 633 1404 erroribus
663 1338 883 1407 enervandis.»
928 1340 1006 1404 Post
1039 1339 1154 1403 multas
1189 1337 1264 1403 dein
1301 1353 1337 1404 et
1411 1383 1412 1386 κ

311 1455 413 1520 varias
438 1453 684 1544 disceptationes
715 1473 828 1522 contra
861 1457 1005 1546 Paganos
1036 1457 1071 1521 iu
1104 1453 1256 1521 cathedra
1277 1454 1335 1520 Se-

310 1571 439 1638 niorunt
470 1574 529 1638 sub
563 1574 658 1640 Patre
688 1596 877 1658 wraeamo,
908 1573 1157 1640 adsentientibus
1183 1574 1270 1638 clero
1301 1587 1336 1638 et

310 1690 461 1778 praelatis
485 1692 596 1782 regni,
620 1692 720 1782 pallio
742 1693 875 1758 honoris
896 1708 929 1757 et
949 1691 1036 1781 pileo
1057 1690 1237 1781 dignitatis,
1263 1690 1337 1754 for-

311 1830 365 1872 ma
394 1808 653 1894 Atheniensium,
688 1809 729 1875 ad
761 1810 889 1875 laudem
922 1825 1050 1876 evectus
1085 1808 1180 1873 fuisse
1215 1807 1335 1872 dicitur

311 1927 353 1990 A.
389 1925 479 2012 689,
516 1929 592 2014 quin
628 1929 723 1994 etiam
760 1929 827 2019 ipse
863 1943 974 2018 postea
1006 1926 1153 1992 docuisse
1184 1927 1334 2015 perbibe-

309 2059 362 2110 tur
387 2042 448 2131 (1).
496 2043 593 2126 Quod
626 2045 667 2110 ad
699 2045 902 2136 probandum
930 2049 1070 2112 utantur
1090 2045 1213 2110 Literae
1239 2067 1334 2134 quae·

310 2159 385 2224 dam
407 2163 449 2226 ab
471 2186 615 2246 aca1no,
641 2187 737 2252 quum
758 2165 987 2252 obsequeretur
1008 2183 1138 2229 cnoro
1160 2185 1271 2229 uacuo
1295 2164 1333 2228 in

309 2279 473 2362 Francia,
506 2279 548 2344 ad
572 2281 710 2346 Scholae
740 2283 1013 2371 Cantabrigremia
1039 2281 1184 2346 alumnos
1204 2281 1333 2348 musae.

309 2393 392 2460 Sunt
414 2413 519 2463 autem
541 2399 617 2462 hae:

355 2514 528 2580 «Discretis
560 2537 690 2580 curura
723 2515 936 2600 haeredibus,
966 2516 1186 2581 immaculatae
1215 2514 1332 2580 Matris

314 2631 540 2719 Cantabrigiee
572 2632 792 2718 scholaribus,
833 2656 1009 2718 accuratus,
1053 2634 1119 2698 vita
1157 2647 1331 2722 peccator,

309 2746 444 2810 salutem
485 2762 519 2811 et
558 2747 725 2813 doct1inae
760 2750 929 2814 virtutibus
967 2750 1113 2840 gloriam.
1170 2749 1331 2830 Quoniam
1426 2813 1427 2824 ,

310 2865 490 2954 ignorantia
522 2882 624 2931 mater
654 2882 701 2932 est
729 2868 868 2951 erroris,
902 2891 983 2958 rogo
1013 2868 1147 2951 intime,
1180 2883 1216 2931 ut
1246 2866 1332 2932 inter

311 3003 369 3046 vos
399 3000 577 3049 assuescant
611 2987 702 3074 pueri
734 2985 858 3050 adstare
884 2985 1029 3052 laudibus
1061 2987 1190 3074 superni
1216 2985 1328 3074 llegis,

310 3119 378 3160 non
407 3097 549 3186 vulpium
580 3099 693 3166 fodere
724 3124 891 3184 cavernas,
926 3127 992 3168 non
1023 3103 1151 3194 fugaces
1185 3105 1330 3194 leporum

311 3238 419 3282 cursus
443 3218 555 3306 sequi,
592 3218 715 3286 discant
741 3245 827 3287 nunc
853 3222 1032 3311 Scripturas
1063 3222 1193 3307 Sacras,
1224 3223 1332 3287 hahita

311 3335 495 3422 cognitione
525 3339 665 3402 veritatis
698 3341 874 3421 scientiae,
910 3355 946 3402 ut
975 3341 1022 3403 ita
1058 3355 1162 3405 aetate
1190 3339 1330 3429 perfecta

311 3450 390 3513 alios
414 3451 532 3515 docere
555 3455 689 3541 possint.
737 3456 948 3546 Recogitate,
974 3459 1134 3542 obsecro,
1159 3457 1328 3538 carissimi,

310 3564 540 3632 nobilissimum
565 3572 666 3634 nostri
690 3574 843 3662 temporis
863 3577 1048 3665 magistrum
1071 3598 1181 3641 naum
1201 3575 1332 3664 Presby-

572 3745 607 3754 -ψ

416 3838 471 3902 lege
493 3841 521 3888 in
541 3840 619 3890 ΜΞ.
641 3841 750 3893 London
771 3842 849 3894 1721.
873 3860 933 3913 pag.
954 3845 986 3896 11
1008 3862 1065 3916 seq.
1101 3849 1257 3900 utiterum:
1277 3847 1334 3900 rte

416 3921 491 3973 Hist.
509 3923 563 3972 und
573 3923 668 3990 Antip.
682 3927 715 3991 of
725 3927 765 3976 tlte
780 3927 858 3978 Unio.
873 3930 907 3995 os
920 3930 1023 3983 canor.
1038 3933 1072 4001 by
1086 3949 1202 3985 nreuaao
1216 3946 1334 3996 rantra,

413 4007 522 4071 printed
529 4008 580 4072 for
592 4022 614 4058 r.
629 4021 748 4074 waacus,
772 4015 800 4061 at
814 4011 855 4061 the
869 4013 970 4063 Indiae
989 4017 1093 4079 (lucen,
1115 4021 1141 4068 in
1157 4019 1197 4068 the
1210 4017 1334 4085 poullry·

417 4086 536 4140 London.
553 4117 587 4128 -
606 4088 662 4138 lluo
676 4089 704 4139 hi
719 4103 778 4144 suut
789 4095 859 4146 tituli
873 4097 991 4163 ejusdem
1004 4098 1074 4150 libri.

356 4167 396 4231 (l)
418 4167 560 4224 Cantetur.
577 4172 595 4224 l.
611 4173 629 4223 l.
645 4191 703 4240 pag.
717 4173 777 4227 275.
