2918 5284
754 473 796 534 94

265 655 413 745 mysteria
440 665 682 732 consecrarent,
710 650 867 739 baptisma
892 663 1092 739 peragerent.
1139 649 1295 738 Inprimis

261 774 439 862 Symbolum
454 769 677 860 Apostolorum
702 783 735 834 et
758 769 944 834 Orationem
962 769 1092 832 Domini
1113 770 1299 836 memoriae

265 893 435 983 infigerent
465 904 616 979 oportere
644 887 771 970 scribit,
806 909 873 952 non
901 887 1024 968 solum,
1057 887 1112 973 qui
1143 887 1295 954 lainam

265 1010 407 1100 lingtrm
430 1006 631 1088 didicissent,
656 1027 767 1070 verum
792 1004 908 1086 etiam,
933 1005 987 1092 qui
1016 1005 1082 1090 ejus
1110 1004 1211 1092 ignari
1242 1027 1298 1071 es.

266 1143 353 1210 sent,
377 1141 414 1190 ut
430 1125 521 1190 alteri
534 1125 589 1188 illa
602 1123 733 1208 Latine,
756 1122 847 1188 alteri
863 1121 1036 1188 vernaculo
1047 1144 1194 1188 sermone
1207 1126 1296 1190 reci-

265 1259 381 1310 tarent.
428 1243 542 1330 Neque
567 1243 631 1307 hoc
658 1240 700 1308 de
728 1241 832 1306 Laicis
861 1239 980 1322 modo,
1015 1239 1073 1306 sed
1097 1239 1138 1306 de
1166 1242 1297 1310 clericis

267 1363 364 1428 etiam
389 1376 422 1426 et
446 1361 629 1442 monachis,
659 1361 713 1447 qui
733 1359 845 1424 Latine
861 1359 1041 1441 nescirent,
1065 1358 1189 1424 dictum
1211 1362 1290 1428 vult.

267 1480 473 1570 Quapropter
487 1478 567 1568 ipsc,
585 1480 620 1542 in
631 1501 723 1543 usum
735 1478 909 1542 multorum
920 1476 1141 1562 Sacerdotum,
1159 1494 1192 1544 et
1202 1479 1296 1569 Sym·

266 1600 378 1666 bolum
404 1598 635 1687 Apostolorum
664 1611 697 1662 et
722 1596 911 1662 Orationem
934 1597 1067 1662 Domini
1092 1598 1127 1662 in
1152 1596 1295 1688 linguam

267 1718 445 1806 Anglorum
467 1739 501 1780 se
523 1714 698 1781 reddidisse
719 1729 863 1781 testattu.

312 1835 528 1926 Conqueritur
549 1857 649 1923 porro
674 1856 708 1898 se
734 1831 906 1915 audivisse,
931 1833 1046 1898 multas
1071 1832 1161 1898 villas
1188 1851 1220 1900 et
1245 1837 1292 1900 vi·

269 1953 359 2020 culos
382 1953 417 2018 in
442 1952 606 2016 montibus
632 1952 799 2017 inaccessis
831 1966 863 2016 et
889 1949 1180 2018 saltibus‘dumosis
1204 1953 1290 2018 inre·

269 2073 354 2155 uiri,
384 2071 440 2134 ubi
469 2091 651 2158 nunquam,
681 2069 789 2134 multis
814 2070 1049 2135 transeuntibus
1072 2063 1179 2152 annis,
1209 2071 1292 2136 visus

270 2191 312 2254 sit
329 2189 485 2270 Antistes;
505 2210 642 2275 quorum
661 2202 770 2252 tamen
789 2210 831 2252 ne
853 2211 933 2252 unus
956 2187 1087 2276 quidem
1109 2211 1128 2254 a
1148 2189 1291 2272 tributis,

272 2305 417 2371 Antistiti
446 2303 634 2386 reddendis,
668 2305 817 2370 immunis
851 2327 917 2370 esse
948 2321 1067 2395 posset.
1122 2308 1217 2394 Cujus
1245 2307 1296 2372 rei

272 2423 375 2491 solam
395 2443 522 2486 eausam
548 2443 615 2486 esse
636 2419 717 2486 dicit
738 2423 919 2506 avaritiam,
943 2422 1201 2511 quandoquidem
1220 2425 1298 2512 Epi·

271 2541 377 2629 scopi,
398 2540 554 2629 pecuniae
579 2561 690 2605 amore
715 2541 820 2629 capti,
844 2544 1001 2628 majorem
1018 2540 1125 2630 populi
1143 2555 1293 2628 partem,

271 2679 366 2746 quarn
396 2679 508 2720 curare
539 2671 688 2743 possent,
713 2657 748 2720 in
776 2679 867 2722 suam
895 2655 1051 2725 ditionem
1077 2654 1292 2722 adsumerent.

271 2774 436 2839 Admonet
458 2773 556 2862 igitur
580 2795 775 2856 sannarum,
799 2789 835 2838 ut
858 2774 969 2863 plures¹
990 2774 1155 2838 ministerii
1177 2775 1225 2838 sui
1246 2797 1299 2840 so·

270 2893 340 2960 cios
373 2905 594 2973 consecraret,
626 2867 794 2956 consiliari
823 2907 949 2958 secutus
979 2915 1139 2957 cassonn
1170 2892 1292 2980 Papae,

272 3012 329 3097 qui
351 3011 480 3092 literis,
512 3009 554 3072 ad
572 3032 784 3075 ansusrmurr
805 3008 901 3093 datis,
924 3007 1098 3076 duodecim
1121 3011 1296 3100 Episcopus

273 3123 513 3192 constituendos
528 3145 595 3190 esse
615 3123 838 3216 significasset,
861 3127 945 3192 inter
963 3151 1044 3222 quos
1055 3129 1196 3194 Antistes
1213 3127 1300 3194 Ebo-

274 3251 438 3327 racemis,
479 3259 614 3334 accepto
649 3245 774 3334 pallio,
814 3246 1079 3336 metropolitanus
1119 3255 1202 3314 esset
1234 3245 1297 3336 ()

321 3531 363 3600 (1)
383 3513 517 3600 teguntur
535 3531 606 3598 ipsae
629 3539 750 3580 cascomr
764 3527 796 3577 sd
813 3542 972 3581 arcrsrtsns
986 3529 1086 3581 Liteme
1103 3531 1131 3580 in
1152 3543 1209 3579 rso.
1222 3527 1297 3579 Hist.

379 3615 453 3664 Eccl.
476 3612 536 3662 Lib.
549 3612 571 3662 1.
593 3627 617 3660 c.
632 3609 676 3660 29.
712 3607 843 3662 Suadebat
862 3609 948 3680 Papa,
972 3622 1001 3662 ut
1016 3627 1166 3664 ansrsrrsus
1180 3611 1298 3662 Eboraci

276 3735 278 3742 ,
381 3695 539 3764 Episcopum
553 3693 737 3757 constitueret,
756 3711 837 3762 quem
851 3693 946 3758 vallet,
965 3695 1001 3745 ita
1014 3705 1119 3760 mmen,
1138 3705 1166 3746 ut
1180 3695 1223 3746 hic
1238 3711 1301 3746 rur-

380 3795 423 3830 sus
440 3777 579 3828 duodecim
600 3775 664 3827 alios
682 3787 798 3841 crearet,
817 3786 893 3844 atque
914 3778 969 3846 ipse
985 3777 1199 3847 metropolitanus
1213 3787 1298 3842 essct,

379 3872 478 3924 nactus,
495 3877 577 3929 aeque
592 3870 668 3928 atqua
676 3860 818 3928 Episcopus
828 3862 1013 3928 londinensis,
1023 3862 1302 3931 palliumsSedeRo-

380 3961 470 3997 mono.
504 3943 611 4008 Voluit,
630 3952 659 3992 ut
678 3959 770 3994 omnes
784 3944 943 3998 Britannice
962 3949 1083 4019 Episcopi
1099 3961 1238 3999 sacasrtro
1252 3964 1299 3997 es-

382 4037 440 4078 sent
460 4025 587 4094 subjecti3
611 4034 669 4093 post
693 4023 766 4075 illius
786 4041 847 4078 sero
869 4027 988 4094 obitum,
1014 4033 1084 4082 inter
1108 4031 1299 4082 Londincnsem

383 4112 540 4180 Episcopum
554 4109 776 4161 stEboroccnsem
788 4127 818 4162 sa
833 4121 899 4164 esset
913 4112 1019 4166 honoris
1032 4113 1178 4178 distinctio,
1193 4125 1222 4164 ut
1228 4115 1301 4182 prior

384 4194 537 4262 haberetur,
559 4195 604 4262 qni
625 4195 697 4262 prius
711 4193 802 4248 fuisset
822 4195 926 4251 electus.
947 4197 1037 4253 Narrat
1056 4208 1142 4253 autem
1162 4211 1302 4252 coarctans
