2918 5284
644 461 686 523 65

538 724 708 794 ΒΕΟΤΙΟ
734 727 793 794 11.

305 939 545 993 conaturum
562 941 598 994 nt
617 941 737 996 novun
756 942 1020 997 rnsrmunruu.
1039 927 1041 932 '

601 1151 720 1174 ...n-...-
793 1133 795 1158 ’-

190 1346 231 1410 In
252 1343 464 1434 arengalium
487 1363 611 1425 uancr,
636 1342 712 1408 libri
731 1341 793 1409 IV.

192 1462 327 1552 Scripsit
358 1484 442 1526 aaut
473 1463 556 1526 hanc
595 1461 860 1549 depositionem,
897 1477 933 1524 ut
965 1479 1099 1550 apparet
1134 1485 1174 1529 ex

144 1579 294 1670 Epistola
316 1578 358 1644 ad
377 1601 482 1644 accan
505 1578 702 1668 Episcopum
724 1580 753 1642 ei
775 1579 964 1666 praemissa,
990 1582 1081 1646 annis
1100 1581 1172 1669 plu·
1197 1629 1199 1632 -

143 1699 236 1776 rimis
265 1714 339 1786 post
373 1695 645 1763 commentarium
671 1698 706 1762 in
745 1719 867 1763 numu.
925 1698 1055 1787 Legitur
1087 1699 1172 1772 iuter

143 1816 253 1906 Opera
273 1815 360 1882 Edit.
383 1817 480 1882 Basil.
504 1817 599 1882 Tom.
620 1815 661 1883 V.
685 1838 720 1905 p.
740 1815 857 1905 1-175‚
879 1816 995 1882 Colon.
1012 1817 1106 1882 Tcm.
1126 1813 1168 1884 V.

139 1957 175 2022 p.
195 1932 333 2019 9a·213.
379 1934 522 1999 Maximo
547 1935 727 2000 inhonore
747 1938 815 2020 jam
836 1936 1040 2000 habebantur
1060 1936 1169 2002 seculo

141 2049 215 2117 VII.
246 2066 279 2116 et
299 2049 389 2118 VIII.
418 2067 540 2118 veteres
572 2052 736 2118 Ecclesiae
761 2051 934 2136 doctores,
968 2077 1029 2119 nec
1061 2069 1169 2120 tamen

141 2191 256 2236 corum
279 2170 397 2259 scripta
421 2185 556 2260 propter
574 2169 733 2235 librorum
757 2170 976 2236 caritatemiu
994 2170 1168 2238 multotum

141 2287 290 2352 manibus
315 2303 416 2354 erant.
464 2288 591 2353 Horum
616 2287 713 2377 igitur
741 2285 828 2352 dicta
858 2309 1048 2376 excerpere,
1072 2303 1106 2354 et
1132 2290 1168 2354 in

139 2429 242 2472 unum
264 2406 411 2472 volumen
445 2405 615 2496 colligere,
646 2406 818 2494 praecipue
839 2427 944 2468 annu
966 2405 1167 2492 propositum

139 2541 228 2607 crat,
252 2523 340 2612 quod
357 2541 467 2590 tamen
486 2526 532 2588 ita
553 2523 705 2611 perfecit,
725 2535 762 2584 ut
775 2535 813 2584 'et
833 2543 890 2584 sua
906 2519 1084 2604 interdum,
1110 2523 1166 2588 ubi

139 2658 361 2730 opportunum
376 2639 556 2722 videretur,
573 2636 715 2703 adderet.
764 2637 790 2702 F
792 2638 936 2728 arragine
950 2655 1056 2704 autem
1068 2638 1166 2704 adno-

138 2760 296 2825 tationum
321 2758 417 2824 variis
441 2781 480 2822 ex
499 2758 588 2822 libris
609 2773 780 2848 congesta,
805 2757 986 2846 mirandum
1002 2781 1078 2824 sane
1097 2781 1164 2824 non

138 2893 203 2961 est,
223 2873 457 2967 interpretandi
478 2877 575 2941 etiam
597 2877 757 2942 rationem
773 2877 978 2942 vehementer
990 2875 1161 2960 fluctuare,

136 2994 182 3060 ita
204 3010 239 3058 ut
262 3016 349 3060 nunc
370 2993 494 3084 regulas
519 3008 667 3082 sequatur
691 2992 940 3076 Grammaticus,
971 3017 1058 3060 nunc
1085 3018 1164 3060 vero

137 3111 296 3200 allegoriis
320 3111 503 3198 lusibusque
528 3111 646 3201 ingenii
668 3111 802 3178 omnino
827 3110 1003 3201 indulgeat.
1048 3113 1098 3178 Ne
1119 3129 1165 3178 ta·

137 3249 216 3293 men
240 3228 397 3313 Majorum
428 3227 515 3294 dicta
542 3244 695 3315 tanquam
724 3249 780 3292 sua
806 3228 951 3315 proferre
980 3227 1160 3311 rideretur,

138 3361 174 3412 et
193 3362 229 3412 ut
248 3347 331 3412 iuter
351 3330 549 3438 singulorum
568 3346 699 3410 Petrum
717 3345 836 3434 placita
851 3342 1033 3410 discernere
1055 3364 1164 3434 posset

134 3463 259 3545 lector,
285 3463 493 3530 commodum
511 3462 617 3547 duxit,
642 3487 801 3552 quemque
822 3464 857 3530 in
881 3462 1025 3554 margine
1052 3464 1163 3554 primis

134 3581 277 3646 nominis
298 3583 345 3646 sui
367 3582 467 3648 literis
490 3581 680 3672 significare.
728 3583 769 3646 Et
791 3606 810 3648 a
830 3583 967 3648 librariis
991 3583 1083 3649 enixe
1109 3607 1164 3673 pe-

133 3699 209 3781 tiit,
231 3714 283 3780 ut,
309 3701 335 3764 si
356 3700 475 3766 librum
498 3698 661 3788 descripta
679 3697 811 3788 dignum
831 3698 1030 3786 judicarent,
1056 3702 1162 3766 literas

133 3815 206 3882 illas
234 3817 382 3905 exemplo
415 3817 591 3905 adjicerent
620 3817 678 3907 (ι).
726 3818 785 3882 Cui
818 3819 957 3885 auctoris
983 3819 1158 3901 voluntati,

134 3957 234 4022 quum
255 3955 312 3998 eae
332 3934 367 3998 in
383 3938 600 4002 vetustissimis
619 3936 792 4002 Codicibus
808 3940 941 4003 omnino
966 3938 1088 4018 desint,
1105 3939 1162 4000 mi·

133 4063 226 4075 —u—

179 4114 223 4182 (1)
246 4113 308 4167 Vid.
317 4116 398 4168 Prael.
407 4121 436 4168 in
444 4118 577 4179 Marcam,
587 4127 612 4168 et
620 4117 765 4169 iuLucam.
774 4113 930 4170 edietum.
939 4113 1014 4164 lom.
1024 4113 1056 4164 V.
1065 4115 1162 4183 μμ.

239 4208 265 4248 et
280 4200 350 4266 4⁷5,
371 4198 463 4255 Colcu.
477 4219 538 4270 pag.
553 4200 626 4252 9201
641 4202 702 4255 215.

1011 4290 1027 4352 5
