2918 5284
654 481 695 542 93

165 657 229 747 705
255 657 340 722 dietn
357 656 490 738 obiisse,
514 679 553 721 ex
571 659 783 747 ipsiusnnunn
807 659 948 725 Historia
970 664 1142 752 novimus(
1164 665 1189 752 ).

163 776 361 864 Conscripsit
385 777 442 840 has
465 775 586 840 Literas
608 799 712 860 anns,
738 778 825 865 quod
853 802 1017 846 sensurus
1045 798 1192 870 optatum

164 896 225 960 sibi
252 917 320 960 esse
345 892 593 984 significaverat,
626 912 662 959 ut
691 896 762 979 ille,
795 898 848 985 qui
876 898 1079 987 praecedenti
1105 923 1191 965 anno

113 1050 116 1058 ·
163 1014 286 1100 aliquot
309 1011 377 1077 dies
400 1034 475 1077 cum
498 1013 604 1077 amico
626 1011 782 1104 degisset,
806 1037 892 1079 nunc
914 1040 1041 1104 quoque
1063 1017 1191 1108 legendi

162 1132 265 1221 gratia
295 1129 492 1218 aliquamdiu
523 1153 633 1196 secum
662 1130 895 1198 demoraretur.
943 1134 1002 1198 Cui
1030 1133 1189 1200 desiderio

165 1250 336 1338 quominus
363 1249 578 1331 satisfaceret,
612 1248 779 1338 impedivit
807 1249 958 1316 valetudo
986 1255 1070 1338 ejus3
1106 1253 1192 1317 misit

165 1383 272 1432 tamen
291 1368 425 1434 Literas.
476 1365 568 1447 Quae
589 1388 687 1455 quum
703 1368 857 1432 nonnulla
877 1366 918 1433 ad
937 1369 1103 1434 historiam
1122 1391 1192 1458 per·

166 1486 301 1550 tinentia
320 1486 496 1550 memoriae
514 1483 658 1568 tradant,
682 1501 714 1550 et
729 1486 804 1548 satis
820 1501 1002 1550 accuratam
1013 1485 1097 1550 illius
1114 1502 1193 1553 tem-

167 1605 254 1693 poris
270 1602 520 1693 descriptionem
541 1618 574 1668 et
591 1604 681 1690 quasi
696 1603 868 1692 imaginem
881 1603 1072 1693 praebeant,
1094 1625 1191 1668 nemo

169 1721 342 1806 dubitabit,
364 1724 441 1809 quin
463 1722 549 1788 lectu
569 1720 769 1813 dignissimae
791 1721 866 1788 sint.

210 1842 341 1906 Initium
357 1839 518 1907 scribendi
537 1841 633 1904 sumit
649 1855 762 1904 auctor
780 1840 822 1904 ab
839 1840 1059 1906 exhortatione
1075 1862 1192 1906 rennn-

167 1983 222 2042 rr,
247 1974 283 2022 ut
303 1975 369 2024 tam
384 1959 467 2024 bene
484 1957 639 2041 vivendo,
665 1981 761 2046 quam
775 1973 863 2023 recte
876 1957 1046 2041 docendo,
1070 1957 1189 2048 gmdu,

169 2075 211 2141 ad
225 2101 321 2165 quem
337 2076 570 2160 adscendisset,
589 2076 720 2167 dignum
733 2099 767 2141 se
778 2075 939 2142 redderet.
981 2077 1067 2141 Ante
1084 2078 1192 2142 omnia

170 2196 269 2284 igitur
297 2195 382 2277 vult,
411 2211 448 2259 ut
475 2196 601 2279 otiosis,
635 2217 711 2282 quas
735 2192 830 2276 dicit,
864 2194 1019 2260 abstineat
1043 2193 1197 2260 confabu-

168 2313 341 2378 lationibus
376 2329 409 2378 et
434 2314 561 2403 linguae
594 2312 772 2378 indomitae
805 2312 978 2401 contagiis,
1017 2319 1130 2376 contra
1161 2327 1195 2377 et

169 2433 309 2522 linguam
328 2448 362 2496 et
382 2447 523 2498 mentem
546 2431 580 2497 S.
605 2431 788 2521 Scripturas
814 2445 846 2494 et
870 2451 1030 2494 sanentur
1051 2428 1194 2516 Operum

168 2549 308 2614 lectione
329 2550 477 2614 excolere
500 2547 635 2612 studeat.
689 2546 788 2610 Fama
809 2546 895 2610 enim
916 2560 984 2609 erat
1004 2543 1046 2608 de
1069 2545 1195 2632 quibus·

168 2665 243 2730 darn
258 2666 441 2754 Episcopis,
463 2679 603 2745 utnon,
629 2664 682 2750 qui
697 2661 911 2751 religiosiores
931 2677 963 2725 et
982 2661 1194 2726 continentio-

167 2807 218 2848 res
237 2785 360 2864 essent,
384 2802 492 2845 sccum
511 2781 685 2862 haberent,
709 2802 820 2844 verum
842 2780 965 2868 potius,
992 2779 1046 2866 qui
1063 2780 1140 2844 risui
1162 2792 1195 2844 et

165 2903 248 2990 jocis
277 2916 310 2965 et
340 2898 564 2964 comessationi
589 2895 728 2979 addicti,
759 2895 902 2985 quotidie
927 2898 1026 2987 magis
1048 2913 1193 2962 ventrem

167 3017 319 3106 dapibus,
338 3040 432 3105 quam
454 3031 596 3080 mentem
618 3014 781 3079 sacrificiis
806 3015 997 3081 coelestibus
1009 3029 1190 3104 pascerent.

171 3137 238 3199 Eos
268 3137 364 3226 igitur
392 3135 498 3200 socios
530 3133 590 3198 sibi
619 3132 768 3222 eligeret,
794 3133 848 3220 qui
881 3148 914 3197 et
934 3134 1061 3198 actione
1084 3147 1117 3197 et
1140 3154 1194 3198 ex·

170 3253 354 3317 hortatione
378 3252 500 3340 populo
524 3249 674 3340 prodesse
703 3265 849 3339 possent,
881 3265 914 3314 et
944 3248 1080 3314 idoneos
1110 3249 1192 3314 sacri

168 3370 309 3433 mrmeris
327 3367 485 3454 adjutores
502 3391 536 3432 se
550 3382 758 3458 praestarent.
784 3366 865 3432 Cum
883 3379 988 3430 eutem
1003 3365 1093 3448 loca,
1113 3387 1193 3453 quae

169 3487 212 3554 ad
240 3488 336 3576 ipsius
363 3489 528 3576 regionem
552 3485 773 3575 pertinebant,
806 3484 921 3548 latiora
948 3498 1069 3565 essent,
1097 3493 1193 3568 quam

168 3622 206 3672 ut
225 3605 309 3670 solus
327 3605 436 3668 omnia
456 3619 565 3692 posset
584 3603 733 3685 lustrare,
759 3603 965 3699 Presbyteros
984 3602 1091 3689 plures
1109 3623 1196 3665 crea-

170 3739 238 3808 ret,
264 3724 413 3790 doctores
427 3721 650 3802 constitueret,
672 3720 725 3807 qui
746 3720 902 3808 populum
920 3719 1089 3806 docerent,
1106 3741 1196 3786 sacra

221 4037 263 4105 (1)
283 4035 341 4086 tth.
360 4036 394 4087 V.
412 4053 469 4104 cap.
487 4034 531 4086 19.
548 4032 623 4085 Idem
640 4035 670 4084 in
687 4034 819 4100 Epitome.
837 4059 872 4072 ·-
893 4032 953 4083 Fuit
969 4041 1197 4086 antemuranum

232 4163 234 4168 .
279 4118 343 4183 ille,
365 4119 398 4169 de
420 4135 473 4186 quo
492 4117 537 4170 hle
559 4119 659 4186 agitur,
679 4116 735 4168 Rex
749 4115 973 4179 Nantumtrtae,
992 4115 1038 4182 qui
1058 4131 1126 4166 anno
1144 4117 1196 4170 685

282 4215 390 4254 resarta
412 4203 481 4254 fratri
504 4203 634 4254 successit.
670 4200 731 4252 vid.
751 4201 824 4251 Hist.
843 4200 916 4250 Eccl.
936 4197 996 4249 Lib.
1014 4198 1059 4250 lv.
1077 4215 1133 4267 cap.
1151 4201 1195 4252 26.
