2918 5284
639 483 679 546 67

142 665 205 736 sibi
232 666 309 733 velit
333 666 571 731 Lectionamum
599 667 874 749 anniversarium,
909 667 1019 755 «quod
1046 668 1179 758 praedi-¹

142 787 290 853 cantibus
310 783 437 866 habile,
462 798 495 848 et
521 783 685 866 manuale,
712 799 745 850 et
766 785 966 850 utilissimum
985 808 1051 852 esse
1066 786 1171 852 videa·

140 921 211 970 tur»
228 903 291 993 (ι).
325 902 487 968 Plurimae
499 917 605 967 autem
619 924 724 966 nanis
736 903 1002 968 circumferuntur
1011 907 1172 972 Homilt'ne

139 1038 175 1089 et
188 1024 367 1088 Sermones.
398 1020 560 1109 Operibus
576 1023 643 1107 ejus
655 1020 792 1085 insertae
807 1037 880 1085 sunt
893 1023 1054 1089 Homiliae
1066 1027 1171 1090 Aesti-

141 1143 228 1210 vata
241 1142 282 1207 de
298 1143 453 1229 Tempore
469 1138 527 1221 33,
547 1139 708 1204 Homilias
722 1138 902 1204 Aestivales
917 1139 957 1202 de
969 1141 1094 1204 Sanctis
1107 1139 1167 1225 32,

144 1261 303 1332 Homila'ae
321 1259 485 1325 Hiemales
503 1257 544 1322 de
563 1259 715 1345 Tempore
737 1255 792 1338 15,
817 1257 977 1321 Homiline
994 1257 1170 1346 quadrage-

139 1379 270 1444 simales
284 1401 343 1461 aa,
367 1377 528 1442 Homrltae
547 1375 709 1440 Htemnles
724 1375 765 1440 ds
777 1376 904 1440 &neus
924 1375 980 1457 16,
1004 1377 1170 1446 Sermones

142 1496 349 1585 adpopulum
358 1503 444 1560 ocati
457 1518 517 1578 aa,
533 1495 724 1585 etleguntur
735 1495 769 1558 in
778 1491 864 1561 Edit.
879 1493 975 1558 Basil.
986 1493 1082 1559 Tom.
1094 1493 1167 1560 Vll.

144 1631 182 1702 ps
215 1612 331 1696 1-514,
356 1613 469 1679 Golon.
497 1636 532 1701 p.
564 1609 674 1698 1·369.
721 1610 874 1676 Seorsum
896 1615 1023 1698 quoque
1039 1609 1168 1699 prodie-

142 1747 220 1797 runt
232 1733 371 1796 Panum
386 1747 419 1798 et
430 1733 581 1815 ὶοναηίἰ,
599 1730 723 1795 dnobus
737 1729 963 1794 voluminibus.
1010 1727 1170 1795 Undecim

143 1849 254 1916 antem
267 1871 371 1915 aaran
383 1849 539 1915 Homilias
548 1851 584 1914 in
593 1849 700 1916 lucem
707 1848 844 1940 protulit
852 1871 933 1914 anu.
946 1870 1099 1914 nnarnrn
1107 1848 1176 1939 (a).

144 1965 291 2032 Arduum
314 1983 347 2032 et
368 1967 539 2032 molestum
555 1984 636 2034 esset
652 1964 854 2051 discernere,
879 1989 1036 2054 quaenam
1057 1990 1097 2032 ex
1120 1967 1170 2032 his

142 2083 300 2150 omnibns
311 2107 420 2151 annau
437 2103 602 2152 auctorem
614 2087 768 2169 habeant,
793 2087 854 2151 nisi
869 2105 1076 2152 ninrnnonro
1091 2109 1170 2151 eon·

143 2202 265 2292 tigisset
281 2203 329 2268 his
345 2203 380 2268 in
397 2206 538 2270 tenebris
554 2203 675 2293 aliquid
687 2205 767 2269 lucis
784 2201 922 2270 adferre.
954 2203 1058 2268 .Duos
1073 2205 1171 2294 igitur

143 2319 283 2386 Codices
298 2320 391 2388 MSS.
415 2335 614 2412 pervetustos
637 2321 856 2388 Bibliothecae
875 2321 1064 2404 Tluaneae,
1084 2343 1170 2387 nunc

145 2437 360 2527 colbertinae,
384 2441 439 2528 qui
461 2462 566 2505 annin
583 2439 742 2505 Homilias
759 2440 944 2521 continent,
965 2439 1123 2526 inspicere
1138 2453 1171 2503 et

144 2557 231 2621 inter
244 2579 278 2622 se
296 2579 485 2646 comparare
501 2557 550 2621 illi
564 2557 667 2622 licuit.
714 2557 752 2619 ln
770 2555 891 2638 altero,
910 2571 984 2620 ante
999 2579 1100 2620 annos
1117 2578 1171 2622 oc·

143 2674 306 2764 tingentos
320 2689 469 2755 exarato,
490 2673 650 2738 Homiliae
665 2673 804 2738 XXXIX
820 2673 1071 2740 continuaserie
1087 2675 1173 2739 exhi·

144 2791 279 2876 beatur,
303 2792 339 2855 in
366 2790 486 2874 altero,
512 2791 566 2879 qui
592 2790 739 2857 ducentis
756 2793 847 2858 annis
860 2809 935 2882 post
951 2794 1086 2882 scriptus
1103 2807 1168 2875 ost,

142 2905 381 3000 distinguuntur
414 2908 576 2974 Homilias
604 2909 639 2974 in
666 2908 746 2974 duos
771 2910 889 2992 libros,
914 2932 1052 2998 quorum
1079 2910 1171 2998 prior

141 3027 252 3110 XXV,
269 3027 430 3118 posterior
443 3027 552 3092 XXIV
566 3028 727 3111 continet,
746 3028 927 3118 praemissis
945 3025 986 3093 ad
999 3043 1171 3117 utrumque

147 3145 443 3232 capitulationibus.
496 3144 562 3227 Qui
585 3161 719 3234 uterque
745 3169 842 3235 quum
873 3145 1081 3236 quadraginta
1110 3170 1171 3212 no·

145 3280 223 3328 vern
245 3277 367 3328 numm
390 3263 506 3328 habeat
523 3263 700 3345 Homilias,
725 3264 807 3328 etin
828 3262 920 3328 editis
935 3285 1039 3327 nenia
1056 3263 1171 3351 Operi·

143 3379 204 3446 bus
219 3401 285 3444 non
301 3381 468 3470 pauciores
486 3404 582 3470 quarn
598 3382 682 3446 CXL
697 3381 860 3471 legantur,
880 3381 954 3444 satis
967 3379 1086 3468 liquet,
1104 3381 1173 3470 plu-

144 3498 242 3564 rimas
271 3514 326 3564 aut
348 3500 564 3591 supposititias
591 3523 678 3584 esse,
704 3515 758 3566 aut
783 3498 912 3583 dubias,
936 3516 990 3566 aut
1016 3514 1105 3565 certe
1133 3521 1172 3565 ex

141 3615 223 3681 aliis*
252 3639 355 3682 annu
392 3620 426 3683 in
462 3619 677 3710 Evangelistas
715 3621 961 3685 Commentariis
998 3619 1167 3687 desumtas.

141 3731 349 3824 Quapropter
362 3739 430 3824 jam
455 3737 630 3805 rectissime
655 3739 780 3804 notavit
796 3761 904 3806 srxrns
920 3742 1079 3824 Sinensts,
1102 3765 1170 3806 non

141 3873 257 3918 omnes
282 3876 350 3919 esse
378 3855 534 3922 Homilias
562 3873 617 3923 aut
643 3856 833 3942 Sermones,
858 3881 941 3947 quae
964 3861 1096 3950 proprie
1124 3860 1170 3924 ita

333 4043 470 4054 -———.

187 4136 231 4204 (1)
251 4135 388 4190 Burman
408 4141 490 4211 Epist.
506 4141 523 4191 9
538 4151 563 4192 et
577 4141 622 4195 85.

187 4217 231 4284 (2)
252 4217 302 4288 Op.
318 4221 362 4272 cit.
379 4221 453 4274 Tom.
467 4223 500 4273 V.
514 4239 573 4290 pag.
587 4223 646 4274 31⁷.
