2900 5278
773 439 817 513 tt

284 655 352 704 erae
375 639 496 718 namet,
519 647 553 696 ut
575 631 711 694 Romam
732 627 1004 718 proficisceretur,
1035 647 1107 692 eum
1129 631 1239 692 tamen
1259 622 1313 693 ibi

284 755 379 820 faisse
401 777 468 818 non
490 749 626 815 affirmat
642 748 703 837 (1).
749 747 908 812 Nimirum
924 745 1067 834 quaestio
1086 747 1205 829 oritur,
1229 769 1310 811 num

285 873 391 960 Papae
405 869 579 950 voluntati,
604 863 764 932 mittendo
780 887 881 948 arur,
905 862 1093 930 satisfecerit
1108 885 1312 928 cuonmnus

282 987 414 1052 Abbast
456 986 581 1050 literae
596 1000 702 1066 certe,
728 1005 806 1070 quas
821 1004 917 1070 supra
933 979 1170 1069 descripsimus,
1187 980 1312 1045 missio·

282 1129 358 1172 nem
378 1105 466 1170 illam
490 1102 584 1170 valde
606 1116 731 1191 urgent.
779 1100 821 1164 Et
838 1098 909 1163 talis
925 1097 1075 1185 tantaque
1088 1100 1155 1182 jam
1171 1120 1212 1161 eo
1229 1113 1311 1165 tem-

282 1245 364 1312 pore
389 1220 474 1311 apud
492 1221 666 1286 monachos
681 1221 827 1300 &aanor
842 1217 947 1305 Papae
965 1231 1033 1280 erat
1048 1216 1238 1298 auctoritas,
1256 1231 1310 1300 ut,

282 1340 308 1404 si
335 1338 387 1403 vel
410 1359 610 1402 cuonraruus
632 1359 699 1400 non
722 1335 886 1417 cessisset,
908 1333 962 1399 vel
981 1355 1066 1397 nnus
1080 1333 1126 1396 ita
1147 1333 1310 1422 suscipere

279 1469 471 1536 recusasset,
496 1475 630 1542 magnae
652 1450 688 1515 id
711 1451 820 1516 fuisset
844 1451 1042 1516 temeritatis.
1089 1451 1209 1515 Rursus
1229 1473 1309 1516 vero

281 1570 446 1638 fatendum
471 1587 540 1654 est,
572 1570 694 1636 nullam
716 1567 808 1655 hujus
831 1569 952 1634 itineris
976 1569 1175 1634 mentionem
1197 1567 1267 1634 fieri
1288 1592 1309 1633 a

282 1703 388 1774 unna,
422 1705 476 1755 aut
493 1689 676 1757 Historicis
702 1689 742 1752 ab
769 1710 809 1751 eo
835 1702 939 1752 aetate
968 1686 1133 1775 proximis.
1184 1687 1305 1768 Immo,

284 1832 357 1874 cum
389 1809 423 1872 in
453 1806 569 1874 eodem
596 1829 723 1894 semper
754 1804 949 1870 monasterio
977 1827 1011 1868 se
1040 1805 1189 1870 mansisse
1223 1805 1307 1870 refe-

282 1941 332 1991 rat
361 1923 431 2014 (a),
468 1948 508 1990 eo
536 1925 607 2013 ipso
631 1923 809 2018 significare
837 1923 984 2006 videtur,
1018 1946 1051 1988 se
1077 1925 1208 1990 Romam
1237 1947 1307 1990 nou

285 2045 399 2142 abiisse
430 2043 488 2132 (3).
534 2043 654 2108 Exorta
684 2041 760 2108 inde
793 2041 963 2108 difficultas
998 2042 1152 2131 quosdam
1184 2043 1308 2108 induxit

285 2162 446 2245 Critioos,
484 2177 520 2226 ut
554 2185 629 2226 cum
656 2183 740 2225 raoo
777 2161 861 2250 ipsas
893 2160 1002 2226 {naen
1032 2161 1152 2226 literas
1188 2163 1308 2251 spurias

284 2303 351 2349 esse
377 2295 526 2368 putarent
554 2278 616 2368 (4).'
662 2279 792 2368 Optime
825 2295 934 2345 tamen
965 2278 1186 2346 difficultatem
1212 2305 1309 2370 expe·

314 2597 365 2668 ¹(1)
384 2596 447 2650 ua.
469 2599 499 2648 a
524 2598 596 2648 aaa.
618 2597 686 2662 aeg.
705 2600 780 2664 mg.
801 2597 861 2651 tro.
881 2598 904 2651 1.
918 2619 942 2651 0.
956 2601 983 2652 a.
996 2619 1024 2670 p.
1039 2601 1083 2654 aa
1099 2599 1202 2664 «urar,
1218 2569 1307 2670 aqua

291 2701 293 2706 ’
387 2682 501 2745 alicubi,
525 2678 594 2730 fama
607 2680 687 2733 tilius
701 2690 816 2746 constat,
837 2699 886 2734 neo
899 2680 1042 2752 quidquam
1055 2685 1108 2736 nisi
1122 2684 1234 2736 absoluta
1251 2682 1307 2737 fide

293 2766 309 2834 j
387 2767 498 2834 dignum
513 2765 719 2833 pronunciem.»
734 2764 828 2833 1.1.p.
843 2766 887 2817 19.

320 2851 362 2921 (1)
381 2849 450 2902 Brut
472 2850 500 2898 in
524 2847 572 2899 fin.
596 2848 670 2899 Hist.
690 2849 791 2900 Euolet.
812 2843 890 2917 Oper.
911 2847 987 2901 Tom.
1006 2847 1052 2902 111.
1074 2868 1102 2918 p.
1128 2851 1186 2902 151.
1228 2848 1306 2902 conf.

289 2939 293 2946 '
385 2946 477 2984 stator
492 2931 693 2996 Dunelmentis,
709 2932 739 2982 de
753 2930 879 2983 Dunelm.
893 2931 1013 2984 Ecclesia
1027 2931 1095 3000 apud
1108 2931 1193 3001 Sorip.
1206 2928 1239 2983 X.
1247 2927 1307 2991 tib,

287 3035 293 3047 ·
385 3015 407 3066 1.
421 3031 445 3066 o.
459 3014 502 3065 14.
518 3031 546 3081 p.
560 3014 587 3064 8.

292 3159 295 3168 ι
322 3096 364 3164 (8)
384 3094 473 3147 Bran
494 3095 594 3146 Romae
613 3111 667 3146 non
688 3094 788 3160 fuisso,
813 3093 875 3145 inda
889 3093 991 3164 colligit
1006 3109 1127 3148 amostra
1141 3097 1169 3146 in
1185 3096 1304 3160 Anasi,

387 3175 458 3246 quod
474 3195 516 3242 ea,
530 3195 597 3246 quas
613 3177 645 3228 ad
659 3177 797 3229 texendam
813 3195 873 3229 suae
887 3180 973 3248 gentis
984 3179 1119 3231 historiam
1125 3181 1307 3248 Romapatero

385 3279 450 3332 opus
471 3271 561 3327 orant,
579 3279 634 3314 non
648 3280 663 3314 a
676 3279 703 3315 se
718 3262 820 3326 ablata,
840 3263 887 3314 aad
900 3279 978 3330 opem
991 3277 1140 3326 rorarunt,
1160 3262 1304 3331 Presbyteri

385 3346 579 3410 Londinensr's,
606 3363 633 3397 se
648 3347 776 3414 aooepitao
790 3354 905 3396 testatur.
939 3345 1001 3396 vid.
1016 3346 1105 3410 Epist.
1120 3347 1156 3396 od
1168 3359 1305 3397 orotwur..

289 3479 292 3484 .
385 3443 456 3482 suun
481 3445 568 3492 regem
593 3429 718 3478 Historiae
741 3443 802 3477 auae
823 3425 948 3494 praefixa.
1004 3425 1127 3496 Quamvis
1146 3437 1250 3491 autam,
1263 3437 1305 3492 ¹ut

386 3519 455 3561 reete
478 3509 542 3560 dioit
562 3523 667 3560 uuita.
682 3507 736 3560 1.1.
750 3509 901 3576 responderi
921 3519 1022 3578 potest,
1040 3526 1120 3574 oum,
1139 3511 1256 3562 nondum
1271 3510 1304 3561 de
1367 3507 1371 3513 ’

386 3591 522 3644 scribenda
543 3591 650 3644 historia
671 3593 845 3660 cogitantem,
869 3592 902 3644 da
922 3596 1100 3645 monumentis
1120 3594 1182 3646 huie
1196 3594 1304 3646 oonsilio

387 3673 538 3724 necessariis
559 3691 612 3724 non
633 3673 713 3726 fuisso
733 3675 891 3739 sollicitum,
917 3677 981 3728 haee
1002 3689 1106 3743 tamen,
1133 3688 1239 3745 atquae
1254 3677 1303 3728 alia

385 3755 514 3825 ejusmodi
527 3755 668 3808 affemntur
680 3769 831 3827 argumenta
841 3760 915 3827 (vid.
928 3762 1025 3826 Biogr.
1032 3761 1119 3830 Brit.)
1128 3760 1198 3812 haud
1211 3761 1304 3815 leviter

365 3897 368 3910 Ι
386 3849 498 3891 nostram
513 3840 668 3890 sententiam
680 3843 841 3894 corroborare
854 3842 984 3895 videntur.

322 3928 363 3996 (1)
384 3925 447 3977 Patr
459 3922 610 3991 (Francisci
620 3957 629 3988 ‚
642 3924 755 3976 Antonii
760 3926 876 3996 nepotis)
886 3927 1057 3978 Breviorium
1065 3926 1305 3978 Historiae-Chau-

387 4010 519 4073 nologico·
525 4008 661 4072 caticum,
669 4009 1201 4078 illustrioruPontif.Rom.g·esta,concil.
1211 4011 1305 4062 Gener.

390 4096 478 4158 Acta,
505 4099 551 4144 cet.
573 4090 755 4160 complectens,
775 4093 853 4146 1⁷1⁷.
868 4095 897 4145 tn
909 4094 1001 4164 Sergio
1018 4094 1034 4160 ᾗ
1049 4095 1092 4148 at.
1127 4095 1304 4146 lirrsoarrtus

392 4177 469 4229 etiam
480 4175 513 4227 ad
527 4175 599 4232 diem
613 4175 649 4230 27
661 4177 762 4248 mensis
772 4175 844 4246 Maii,
860 4177 889 4230 in
903 4177 954 4232 rita
969 4191 1060 4245 aran,
1076 4187 1154 4232 totam
1167 4173 1303 4247 epistolam
