2918 5284
638 459 679 520 95

146 646 184 708 In
217 663 281 730 quo
312 640 480 728 proposito
509 660 575 702 nou
604 636 789 721 dubitabat,
820 641 895 728 quin
921 663 1173 712 cnonwuurnnu

149 765 290 852 Regem,
316 761 405 845 cujus
434 757 632 846 propinquus
656 773 754 841 esset,
783 760 1056 848 promptissimum
1080 763 1174 830 simul

147 897 180 946 ct
195 880 447 944 strenuissimum
457 877 621 942 habiturus
635 893 715 942 esset
726 876 905 966 adjutorem
921 880 982 970 (ι).
1014 881 1176 964 Quoniam

150 1014 257 1064 autem
278 1020 338 1087 per
364 997 488 1085 Regum
510 993 772 1084 praecedentium
795 997 950 1062 incuriam
974 1015 1006 1064 et
1029 999 1177 1067 donatio·
1267 987 1271 995 ⁵

151 1138 208 1182 nes
236 1115 435 1180 stultissimas
466 1113 587 1178 factum
613 1129 711 1196 esset,
744 1130 781 1178 ut
807 1138 875 1179 non
897 1115 991 1181 facile
1015 1117 1105 1184 locus
1124 1142 1178 1184 va-

149 1249 256 1316 caret,
282 1234 337 1298 uhi
358 1231 457 1297 Sedes
477 1231 675 1322 Episcopalis
695 1254 780 1330 nova
800 1231 870 1298 fieri
888 1249 1012 1323 posset,
1036 1258 1179 1302 commo-

153 1352 234 1416 dum
262 1349 368 1433 duxit,
393 1366 450 1433 ut,
486 1348 599 1414 habito
632 1350 748 1436 majori
781 1350 921 1416 concilio
956 1367 989 1416 ct
1023 1374 1180 1418 consensu

153 1468 338 1534 Pontificali
357 1467 452 1532 simul
472 1482 506 1533 et
525 1467 652 1557 Regali,
674 1468 764 1532 locus
782 1468 894 1556 aliquis
911 1472 1177 1537 monasteriorum

258 1699 395 1751 Malr'nesb.
413 1696 472 1748 Lib.
486 1695 508 1747 1.
523 1694 553 1745 de
570 1695 640 1745 Geel.
655 1695 724 1760 Reg.
739 1695 824 1772 engt.
842 1713 869 1764 p.
883 1694 935 1760 24,
954 1709 1100 1759 raumara,
1118 1695 1178 1765 pri-

258 1801 332 1834 mum
354 1781 478 1834 ecclesiae
501 1779 676 1829 Eborecensis
697 1777 866 1842 antistitem,
892 1778 995 1847 insigne
1018 1777 1084 1828 illud
1103 1779 1179 1847 pallii

261 1866 294 1917 ab
309 1879 419 1918 uoroato
441 1863 509 1932 Papa
529 1863 675 1930 accepisse,
702 1861 747 1913 sed
761 1861 830 1914 Sede
849 1861 954 1932 pulsum
969 1872 996 1913 et
1009 1861 1181 1915 Boveccttrce

259 1949 333 2000 diem
353 1949 513 2010 obeuntem,
539 1936 641 1996 ibidem'
661 1944 806 2012 reliquisse.
848 1945 915 1997 llinc
935 1945 1032 1996 lectum
1054 1961 1128 2012 esee,
1153 1957 1183 1998 ut

260 2033 348 2102 plures
370 2041 428 2099 post
448 2047 509 2081 eum
532 2028 587 2080 solo
609 2029 803 2096 Episcoporum
824 2030 931 2080 nornine
952 2039 1039 2080 essent
1056 2033 1181 2082 contenti.

261 2134 278 2165 u
288 2116 321 2167 At
335 2133 414 2178 rere,
433 2114 538 2182 inquit,
558 2127 682 2164 nanterus
697 2114 861 2166 animosioris
876 2113 977 2182 ingenii
991 2111 1088 2177 homo,
1104 2115 1181 2183 eogi-

258 2207 333 2263 tnns,
360 2208 388 2247 nt
410 2197 550 2267 superbum
577 2205 633 2261 est,
659 2197 681 2246 si
707 2196 812 2266 adpetes
834 2197 972 2260 indebita,
998 2197 1034 2248 ita
1057 2198 1182 2266 ignavum

260 2297 334 2344 esre,
353 2282 375 2331 si
390 2278 478 2331 debita
493 2279 628 2348 negligas,
644 2279 725 2331 multa
738 2280 816 2333 Sedis
831 2279 993 2351 Apostolicae
1007 2280 1182 2349 adpellatione

260 2363 372 2433 pallium
393 2363 554 2432 reperavit.»
569 2391 604 2402 -
621 2361 690 2431 Quid
709 2365 808 2432 igitur?
843 2365 962 2416 Bennnne
984 2365 1122 2415 eonsilium
1137 2383 1184 2417 ee.

262 2458 336 2501 catus
357 2459 396 2500 est
416 2461 557 2512 rannerus,
580 2465 614 2498 un
635 2449 692 2516 ipse
712 2447 793 2516 hujus
806 2447 910 2498 consilii
924 2457 1011 2498 auctor
1025 2447 1092 2513 fuit,
1114 2448 1182 2500 illud

259 2531 386 2600 quidem,
409 2530 479 2598 quod
502 2532 617 2582 maxime
640 2531 669 2580 in
690 2531 843 2594 reticeret,
862 2531 938 2580 amici
954 2532 1103 2584 auctoritate
1117 2551 1183 2602 pro.

262 2613 336 2677 bari,
358 2612 508 2681 populoque
527 2611 704 2663 commendari
719 2611 830 2664 rolens?
855 2611 908 2663 Hoc
924 2630 1001 2680 quam
1016 2614 1082 2665 illud
1096 2617 1183 2685 potius

261 2695 427 2746 crediderim.
443 2692 570 2757 Ututest,
589 2711 621 2746 ex
631 2694 833 2746 continuatione
842 2710 921 2746 etun
930 2698 1181 2764 Epitomesconetat,

263 2792 415 2840 lassaron,
441 2777 487 2844 qui
508 2793 578 2828 anno
597 2778 650 2828 ⁷32
667 2779 699 2829 ad
721 2779 903 2850 Episcopatum
919 2782 1110 2834 Eborccenrem
1129 2791 1184 2834 erat

261 2871 384 2924 erectus,
410 2875 465 2910 non
489 2858 568 2928 longo
590 2871 664 2930 poet,
690 2879 759 2913 anno
777 2881 873 2933 nempe
894 2865 965 2930 735,
990 2867 1105 2935 primum
1126 2878 1183 2936 post

259 2959 390 2998 riuulo!
410 2944 439 2993 in
462 2940 719 3013 Archiepiscopatum
740 2945 923 2997 confirmatum
942 2963 1018 3011 esee,
1037 2948 1183 3000 constitutis

262 3041 419 3080 mmmmm
440 3036 466 3078 ct
481 3039 646 3077 taeterrimo
662 3027 809 3096 Episcopir.
843 3028 906 3080 vid.
920 3039 946 3080 et
964 3031 1058 3082 chron.
1077 3029 1142 3080 Sat.
1157 3041 1185 3081 et

263 3111 474 3173 ⁵1¹.Dunclm.,
499 3109 667 3176 &Arelica
682 3109 767 3161 Ebor.
782 3109 872 3176 Epist.
888 3110 939 3164 col.
954 3111 997 3163 78.
1030 3109 1081 3162 Ta.
1095 3126 1183 3163 street

264 3197 325 3247 Act.
344 3196 423 3246 Pont.
442 3192 691 3244 Ebor.ool.1697.

203 3278 247 3346 (1)
268 3277 454 3329 Gnouwutrnm
470 3275 516 3326 ille
531 3292 639 3344 regnare
660 3276 746 3344 coepit
760 3290 828 3326 enno
842 3273 910 3336 ⁷29,
930 3275 1028 3343 «cujus
1042 3277 1132 3345 regui,
1153 3287 1183 3327 ut

264 3369 304 3412 est
317 3359 386 3427 apud
401 3373 484 3410 arran
501 3359 576 3412 Hira
592 3358 651 3411 Lib.
666 3358 699 3411 t.
713 3375 737 3410 e.
753 3358 803 3421 24,
827 3367 853 3408 et
867 3359 995 3426 principie
1010 3370 1036 3410 et
1048 3377 1184 3429 precemur

262 3450 299 3492 tot
313 3457 342 3491 ac
356 3440 434 3490 tantis
449 3439 659 3492 redundaverunt
676 3457 762 3492 rerum
780 3439 970 3492 adversantium
984 3441 1117 3508 motibus,
1135 3453 1183 3508 ut,

263 3521 328 3592 quid
342 3521 376 3571 de
390 3521 433 3572 hie
447 3521 525 3571 scribi
540 3522 648 3586 debeat,
667 3540 778 3591 quemve
791 3522 910 3574 habitura
926 3525 979 3575 sint
992 3523 1076 3576 finem
1089 3526 1186 3594 singu-

263 3606 307 3671 le,
332 3604 446 3655 necdum
469 3604 528 3654 sciri
550 3604 666 3656 valeat.»
684 3605 796 3658 —Octo
818 3608 898 3676 igitur
918 3609 995 3659 annis
1008 3619 1066 3677 post
1083 3610 1183 3679 regiam

266 3690 422 3759 dignitatem
450 3687 596 3753 abdicarit,
621 3690 753 3759 ritumque
779 3692 947 3742 monasticam
968 3691 1104 3767 amplexus
1126 3705 1182 3758 eet,

265 3792 376 3844 regnum
409 3788 537 3826 rnrnraro
565 3771 727 3842 relinquens.
770 3772 832 3824 vid.
862 3772 1012 3826 Continuat.
1037 3777 1183 3842 Epitomes.

266 3855 446 3908 successorem
461 3864 547 3906 eutem
562 3856 619 3924 ejus
635 3868 736 3906 coniti.
751 3855 906 3921 Malmetb„
930 3859 1001 3910 Geel.
1015 3859 1083 3925 Reg.
1099 3862 1183 3926 Angl.

266 3940 326 3992 Lib.
348 3940 370 3992 1.
391 3959 419 4010 p.
441 3941 494 4005 24,
519 3949 592 3993 roeet
616 3954 768 4004 torenton,
792 3941 876 4008 patrui
900 3940 983 4009 ipsius
1005 3940 1111 4006 lilium,
1136 3948 1183 4011 qui

266 4025 384 4094 ejusdem
409 4024 525 4076 nominis
544 4022 636 4074 habuit
655 4023 777 4088 fratrem,
805 4022 1036 4094 Archiepiecopum
1057 4027 1182 4080 Eboraci.

265 4107 341 4160 Unde
356 4107 477 4179 apparet,
493 4121 683 4163 oroawrnraru
698 4106 797 4176 Regem
811 4117 836 4159 et
852 4121 985 4159 rcnrarmr
999 4107 1087 4160 fratres
1102 4107 1181 4162 fuisse

264 4192 400 4259 patrueles.
