2900 5278
649 481 689 540 tt

159 665 266 728 sciret.
307 663 354 725 'Et
387 662 432 725 sic
461 673 594 723 noctem
625 659 659 721 in
689 658 862 746 gratiarum
893 660 1018 724 actione
1048 661 1183 752 pervigil

158 778 259 844 duxit.
305 779 347 842 Et
371 800 466 844 nrane
491 775 726 856 inlucescente,
760 772 796 837 id
830 791 899 854 cst,
937 793 1047 864 quartu
1078 779 1181 863 feria,

157 898 325 987 praecepit
355 895 525 984 diligenter
546 894 661 975 scribi,
684 915 765 979 quac
790 915 1010 982 coeperamus.
1057 899 1098 960 Et
1120 901 1184 964 hoc

157 1013 265 1097 facto,
289 1037 388 1100 usque
410 1009 450 1075 ad
471 1011 597 1076 tertiam
617 1011 730 1074 horam
751 1009 978 1074 ambulavimus
999 1012 1117 1080 deinde
1138 1014 1184 1104 (1)

161 1155 236 1197 cum
266 1131 418 1218 Reliquiis
449 1129 664 1209 Sanctorum,
700 1143 737 1190 ut
770 1125 970 1192 consuetudo
1000 1130 1083 1194 illius
1122 1131 1186 1198 diei

160 1251 324 1336 poscebat.
371 1247 458 1309 Unus
487 1267 568 1309 vero
600 1260 668 1309 erat
704 1267 742 1309 cx
780 1245 875 1308 nohis
913 1269 986 1310 cum
1020 1249 1098 1331 illo,
1131 1251 1186 1338 qui

158 1363 238 1428 dixit
269 1365 333 1430 illi:
378 1361 534 1444 «Adhuc,
574 1363 727 1452 Magister
753 1362 982 1446 dilectissime,
1012 1367 1186 1454 capitulum

159 1503 259 1547 unum
288 1481 377 1546 deest
403 1480 462 1570 (a).
509 1479 687 1546 videturne
712 1479 772 1545 tibi
802 1478 932 1546 difficile
955 1480 1019 1570 (3),
1052 1485 1124 1572 plus
1155 1500 1187 1552 te

158 1598 393 1690 interrogarit»
408 1645 411 1652 ·
424 1599 467 1662 At
486 1598 556 1664 ille:
580 1596 710 1662 «Facile
732 1613 797 1680 est,
821 1598 944 1686 inquit,
969 1601 1080 1690 accipe
1096 1618 1186 1669 tuum

160 1718 319 1783 calamum
335 1733 367 1780 et
390 1733 551 1804 tempera,
575 1730 608 1779 et
627 1715 813 1780 festinanter
836 1718 974 1783 scribe.»
1008 1717 1106 1799 Quod
1131 1721 1186 1787 ille

157 1837 247 1903 fecit.
283 1835 378 1899 Nona
402 1849 508 1900 autem
528 1835 608 1897 hora
627 1832 673 1922 (4)
698 1832 777 1898 dixit
792 1835 887 1899 mihi:
910 1834 1096 1916 «Quaedam
1111 1861 1185 1926 pre·

159 1954 248 2020 cicsa
271 1955 304 2017 in
330 1975 402 2018 mea
425 1951 563 2040 capsella
585 1952 709 2035 habeo,
739 1952 862 2036 idest,
887 1955 995 2043 piper,
1023 1956 1129 2020 oraria
1153 1971 1187 2021 et

158 2073 290 2140 incensa
313 2069 377 2160 (5),
398 2069 453 2134 sed
480 2091 572 2134 curre
596 2070 771 2154 velociter,
801 2086 834 2136 et
854 2071 1063 2160 Presbyteros
1085 2073 1188 2137 nostri

160 2189 345 2254 monasterii
369 2185 473 2252 adduc
495 2186 536 2252 ad
561 2211 632 2270 me,
656 2202 748 2252 utet
773 2211 834 2278 ego
854 2190 1056 2272 munuscula,
1083 2190 1187 2278 qualia

199 2460 242 2530 (1)
262 2463 303 2510 Et
320 2461 367 2510 troc
382 2461 496 2526 fecimus
510 2473 592 2524 usque
606 2457 642 2508 ad
653 2457 745 2508 horam
760 2462 874 2510 tertiam.
910 2460 939 2508 A
952 2460 1032 2508 tertia
1045 2474 1106 2508 vero
1120 2459 1187 2511 liora

264 2545 333 2595 emb.
349 2558 407 2594 aaa.
421 2571 457 2583 -
472 2543 605 2593 Latiares
619 2545 698 2592 etiam
712 2543 875 2610 interpungit
885 2541 923 2609 (,)
939 2553 997 2611 post
1010 2543 1118 2609 lteram,
1135 2544 1187 2596 ad-

175 2635 178 2644 ’
240 2645 246 2652 ·
264 2629 326 2679 ditis
340 2627 531 2677 retentatore
545 2627 737 2676 ambulavimus
751 2634 800 2675 cet.

198 2713 241 2782 (2)
258 2713 360 2763 'Desunt
381 2709 446 2761 haee
458 2709 536 2761 rerba
551 2710 627 2775 Mag.
647 2709 694 2761 dit.
708 2708 777 2778 apud
793 2723 850 2759 sta.
866 2717 963 2777 etpost
976 2709 1187 2764 unumadditde

172 2803 199 2812 ”
265 2795 348 2858 libro,
364 2809 440 2860 quem
454 2793 571 2844 dictasti.
633 2805 636 2812 ·
830 2808 832 2816 ¹
926 2811 929 2820 ’

196 2878 240 2948 (3)
259 2877 301 2929 Et
320 2877 425 2928 rideim·
445 2877 494 2928 tibi
513 2876 616 2942 difficile
637 2891 698 2928 esse.
733 2876 796 2927 Lat.
817 2875 859 2926 Et
878 2877 984 2927 videtur
1003 2877 1068 2928 milti
1085 2880 1188 2946 difficile

265 2962 314 3011 tibi
327 2975 387 3009 esse.
404 2974 461 3009 aaa.

199 3045 241 3112 (l)
262 3043 309 3092 Ad
321 3058 418 3092 nonam
432 3045 519 3093 autem
534 3042 635 3094 lteram.
650 3055 706 3092 ιιι.
751 3061 753 3068 ·

200 3125 243 3193 (5)
263 3125 423 3175 Ilomaxime
436 3134 552 3191 tempore
564 3125 645 3174 moris
659 3137 728 3188 erat,
742 3125 963 3194 quemadmodum
977 3127 1121 3179 observarit
1135 3143 1190 3179 ua-

269 3221 370 3257 statur.
379 3207 407 3254 in
416 3208 478 3256 Act.
491 3206 585 3255 Ordin.
592 3207 689 3257 Bened.
696 3208 716 3258 l.
723 3209 743 3259 l.
757 3213 799 3261 n⁰.
806 3210 854 3269 Ill,
864 3221 900 3260 ut
907 3210 1031 3278 idgenus
1041 3228 1189 3262 munuscu-

255 3288 352 3339 ¹lorum
367 3289 444 3338 amici
458 3288 548 3338 darent
563 3291 759 3358 acciperentque
767 3293 795 3340 in
803 3301 922 3340 mutuum
930 3294 1186 3358 caritatisindicium,

215 3421 218 3427 ,
266 3386 319 3424 non
334 3387 420 3422 rerum
434 3373 549 3441 pretium
565 3382 725 3441 spectantes,
745 3372 933 3423 sedecimum.
961 3373 1045 3422 ‘Varia
1058 3373 1139 3442 hujus
1149 3377 1188 3425 rei
1212 3370 1216 3376 ’

265 3456 386 3524 exempla
401 3457 475 3506 affert
487 3473 521 3506 ex
535 3471 668 3507 eorrrscn
677 3455 901 3524 Epistolis,‘unde
914 3453 1099 3525 intelligimus,
1113 3455 1186 3520 thus,

266 3541 360 3606 piper,
383 3541 553 3602 cinnamum,
575 3539 713 3608 graphium
727 3544 896 3608 argentensis,
917 3539 1017 3608 pallia,
1036 3540 1097 3591 lecti
1112 3551 1186 3593 stram

266 3624 390 3690 caprina,
412 3623 562 3691 accipitres,
581 3623 712 3686 falcones,
730 3633 799 3674 scuta
810 3660 818 3685 ,
831 3623 959 3687 lancem,
982 3625 1038 3676 vini
1053 3623 1185 3692 cupellas,

266 3708 370 3757 muneri
389 3708 469 3758 missa
489 3723 555 3758 esse.
594 3706 664 3775 Quin
683 3721 840 3758 marsiensis
852 3707 897 3758 IV.
916 3707 1031 3775 aliosque
1047 3707 1188 3758 Pontifices

267 3790 397 3843 Romanos
411 3809 464 3843 non
477 3809 533 3842 raro
545 3793 672 3860 pectines,
681 3791 784 3860 specula
797 3790 898 3858 aliaque
911 3791 1055 3842 istiusmodi
1069 3791 1185 3853 dedisse,

266 3875 295 3926 in
310 3876 426 3943 ipsorum
441 3874 565 3943 Epistolis
578 3875 700 3944 legimus.
726 3875 794 3944 Quid
813 3881 898 3925 autem
917 3875 1035 3928 Oraric?
1071 3873 1188 3942 Coujicit

268 3969 446 4020 assistamus,
462 3973 493 4007 es
507 3957 588 4009 fuisse
603 3958 710 4009 linteola
723 3959 830 4021 tenuia,
846 3959 943 4026 quihus
955 3975 984 4009 os
996 3959 1064 4023 tergi
1080 3957 1186 4017 soleret,
1271 3979 1275 3988 ·

268 4049 295 4090 et
308 4056 374 4107 quae
392 4040 500 4090 Sabaea
512 4051 586 4092 vocet
600 4055 748 4094 curarimus
762 4043 790 4092 tn
804 4042 892 4108 Epist.
908 4044 954 4099 50,·
968 4055 1030 4088 nam
1045 4036 1188 4088 seeundum

267 4137 370 4174 vesstra
387 4123 446 4176 Lib.
461 4125 508 4180 ΙΙΙ.
520 4126 550 4177 de
570 4127 642 4178 vitiis
661 4141 738 4177 serm.
759 4143 782 4176 e.
797 4125 826 4176 31
842 4160 850 4189 ,
869 4123 936 4173 hanc
951 4135 1040 4173 rocem
1056 4120 1092 4172 ita
1111 4135 1186 4188 saepe

267 4214 377 4257 sumtsm
394 4222 460 4258 ease.
