2918 5284
767 446 808 506 88

279 633 301 694 i.
323 653 352 694 e.
373 627 474 694 Α.Μ.
493 626 597 706 4680,
620 624 660 687 Α.
676 623 713 686 C.
731 609 812 709 726,
833 623 900 706 jam
913 618 1034 709 prodiit
1046 618 1189 686 Venetiis
1206 590 1304 707 1505,²

280 771 354 812 cum
379 765 578 811 r.vrcron1s
604 742 644 805 de
670 739 862 828 Regionibur
889 739 982 806 Urbis
1006 741 1124 806 Romae
1151 764 1249 806 aureo
1270 742 1309 805 l·-

282 862 454 951 bello(1),
480 859 607 924 Parisiis
632 857 744 923 itidem
767 856 867 946 1507,
893 872 927 922 et
950 857 1092 922 Basileae
1118 881 1191 922 cum
1217 858 1305 924 libro

279 981 320 1046 de
332 981 460 1048 Nature
473 980 588 1043 Rerum
607 973 690 1062 1529
706 974 765 1064 (2).
813 975 1019 1040 Continuavit
1034 973 1114 1040 illud
1128 991 1161 1040 et
1173 977 1305 1042 scholiis

279 1097 446 1165 illustravit
471 1117 565 1160 sonu.
591 1115 872 1177 nnouononsrrus,
902 1092 1020 1158 Colon.
1054 1091 1150 1181 1537.
1196 1094 1304 1160 Porro

280 1218 364 1282 inter
385 1231 492 1280 cetera
514 1215 653 1279 auctoris
676 1213 784 1302 Opera
805 1211 928 1303 prodiit
954 1212 1095 1278 basileae
1121 1211 1224 1297 1563,
1248 1237 1306 1279 an·

280 1357 379 1418 nexa,
394 1357 429 1423 p.
445 1335 584 1419 194·²⁰4
595 1331 750 1414 Tom.11,
766 1329 955 1421 Appendice
970 1353 1009 1396 ex
1019 1329 1153 1396 diversis
1164 1331 1306 1420 Scripto-

280 1454 368 1520 ribus
391 1451 587 1540 composita,
609 1472 691 1538 quae
712 1465 822 1514 tamen
848 1450 882 1514 in
905 1447 991 1516 Edit.
1019 1449 1137 1515 Colon.
1167 1449 1250 1514 1612
1274 1466 1308 1515 et

287 1571 370 1636 1688
385 1571 500 1634 omissa
521 1583 580 1634 est.
627 1566 739 1632 Solum
762 1567 966 1650 Chronimn,
986 1589 1025 1632 ex
1041 1564 1147 1636 Godd.
1169 1582 1309 1654 quatuor

283 1687 378 1754 MSS.
408 1684 631 1768 emendatum,
659 1707 733 1750 suae
757 1685 853 1749 etiem
879 1682 1022 1749 Editioni
1042 1684 1174 1749 inseruit
1192 1707 1308 1751 sumn.

282 1805 399 1870 Totum
423 1803 463 1869 de
491 1801 697 1891 Temporibus
719 1802 854 1884 librum,
877 1824 951 1866 cum
976 1798 1098 1866 Codice
1126 1802 1175 1867 W
1171 1801 1309 1866 iruebur

279 1930 374 2014 gensi
395 1921 566 2004 collatum,
592 1919 682 1987 dedit
702 1942 893 1984 numeneus
917 1918 977 2007 (3).

286 2047 367 2056 β-

325 2082 368 2152 (i)
387 2082 419 2135 In
430 2082 504 2134 brevi
518 2095 599 2133 erun
611 2080 687 2146 vua,
705 2079 767 2131 huio
782 2079 899 2132 uuitioni
914 2079 1025 2143 inserte,
1043 2077 1139 2132 dieitur
1149 2082 1205 2150 ejus
1211 2095 1304 2149 oorpus

385 2163 549 2234 postmodum
571 2162 604 2214 ad
627 2165 787 2214 Genumrem
804 2164 959 2214 maritimum
974 2162 1067 2214 urbem
1083 2163 1216 2228 deletum,
1236 2163 1305 2214 etin

388 2247 443 2297 divi
466 2262 604 2298 urrrouur
627 2246 734 2298 Basilioe
754 2247 889 2298 conditum
906 2263 975 2298 erse.
1009 2246 1069 2298 vid.
1084 2263 1150 2316 quae
1164 2247 1210 2298 hae
1224 2247 1258 2298 de
1274 2263 1303 2298 re

388 2328 576 2396 disputavimus
590 2346 651 2397 pag.
665 2331 682 2380 2
698 2347 772 2398 seqq.

328 2415 372 2484 (²)
390 2413 422 2466 In
434 2413 483 2464 heo
496 2411 637 2476 Editione,
655 2414 732 2480 oujur
745 2415 806 2466 rotie
820 2414 933 2466 nitidum
945 2423 1028 2466 exstet
1039 2414 1208 2482 exemplario
1218 2415 1309 2466 Mauo

388 2497 544 2546 Britannico
559 2496 686 2548 notandus
700 2507 739 2548 est
753 2513 833 2560 error,
851 2515 904 2566 quo
916 2497 985 2549 liber
995 2501 1076 2566 major
1090 2499 1120 2548 de
1133 2499 1309 2566 Temporibus

387 2577 531 2647 adpellitur
544 2581 624 2631 Liber
636 2581 666 2631 de
680 2581 789 2632 Natura
803 2583 914 2633 Rerum.
951 2583 1308 2652 litiumpostl’mefutionem,

387 2674 512 2730 unquam
532 2672 608 2730 eaput
626 2665 761 2731 primum,
786 2665 909 2716 inseritur
928 2665 1036 2718 libellus
1057 2665 1102 2718 iile
1122 2667 1163 2716 De
1180 2667 1308 2733 Comperto

389 2746 431 2794 oei
451 2745 555 2811 loquela
570 2761 621 2812 per
630 2752 734 2810 gestum
751 2747 912 2812 digitorum,
931 2750 977 2816 qui
992 2747 1089 2816 legitur
1102 2749 1130 2799 in
1145 2747 1216 2800 Edit.
1228 2749 1307 2802 Buoii.

391 2829 467 2883 Tom.
481 2829 502 2882 Ι.
516 2848 576 2901 pag.
590 2832 745 2898 165-181,
765 2829 858 2884 Colon.
876 2850 938 2902 pag.
953 2819 1100 2884 ter-14¹3.
1135 2833 1204 2884 liano
1217 2845 1306 2886 eutem

389 2914 573 2983 scriptionem,
603 2931 654 2982 qua
679 2925 797 2966 veterum
825 2917 889 2966 ratio
910 2915 1077 2984 computandi
1099 2933 1147 2986 per
1165 2917 1307 2986 digitorum

388 3006 476 3068 gestus
489 3005 515 3046 ot
529 2994 673 3047 flexionem
687 2999 838 3066 exponitur,
852 3009 881 3049 ut
895 3009 921 3050 et
935 2999 1033 3050 librum
1040 3001 1192 3052 defluum
1203 3003 1307 3053 Uario-

388 3094 466 3140 mm,
491 3092 574 3129 ruore
591 3089 721 3130 auctorem
743 3079 839 3133 habere
860 3092 933 3150 putat
951 3097 1074 3148 ouorrm,
1100 3095 1126 3136 et
1140 3087 1213 3154 quasi
1228 3103 1308 3154 prue-

389 3159 492 3210 ludium
505 3175 561 3210 esse
576 3163 682 3230 majoris
695 3164 781 3232 operis
793 3165 823 3214 de
838 3165 1017 3232 Temporibus.
1037 3165 1305 3237 Vid.l.l.pag.1682.

390 3245 581 3312 Argumentum
608 3255 695 3297 temen
716 3263 749 3297 ex
771 3263 802 3299 eo
822 3250 953 3317 petitum,
978 3249 1049 3317 quod
1073 3253 1101 3300 in
1124 3252 1201 3302 initio
1221 3263 1308 3304 auctor

390 3328 505 3396 loquitur
518 3327 551 3378 de
566 3328 698 3398 opusculis
716 3331 769 3380 ruis
783 3332 813 3381 dr
827 3333 937 3382 Natura
951 3333 1053 3382 Renum
1068 3344 1093 3384 et
1107 3335 1137 3384 de
1152 3336 1309 3404 Temporum

392 3416 553 3464 rationenon
561 3413 835 3480 multummlereputo
843 3438 850 3480 3
864 3414 1132 3468 hoeoenimrerboex
1141 3418 1195 3486 ipsa
1204 3418 1308 3470 Praefa-

389 3499 460 3547 tione
467 3496 529 3546 libri
543 3496 649 3562 majoris
663 3495 694 3544 de
703 3497 874 3562 Temporibus
886 3498 1003 3550 desumto
1017 3515 1073 3550 erse
1088 3499 1217 3552 videntur.
1234 3501 1309 3570 Sup-

393 3581 538 3647 posititium
553 3579 629 3630 ilium
643 3595 699 3630 erre
713 3580 871 3634 existimarit
884 3597 1003 3634 irruunt
1017 3583 1159 3652 pag-159,
1175 3584 1221 3635 red
1234 3584 1307 3636 eliud

390 3663 475 3712 visum
501 3671 540 3722 est
564 3677 656 3716 roim
679 3665 820 3716 Aventino.
864 3664 906 3718 ef.
926 3681 1030 3718 uento.
1051 3667 1070 3718 i.
1096 3669 1140 3718 oit.
1161 3668 1212 3720 ud.
1233 3683 1309 3720 mor

391 3762 450 3816 pag.
464 3745 532 3809 148,
548 3756 574 3798 et
587 3747 658 3798 Bibl.
667 3748 730 3798 Lar.
738 3747 809 3800 udit.
818 3749 911 3801 Venet.
920 3749 995 3802 Tom.
1003 3750 1038 3803 11.
1046 3769 1107 3820 prg.
1114 3751 1174 3804 447.
1193 3751 1308 3819 Uterque

387 3839 505 3880 traotutus
536 3831 648 3882 insertus
671 3843 710 3883 est
738 3834 848 3900 Corpori
873 3835 1023 3885 Auctorem
1051 3836 1174 3900 Linguae
1197 3836 1312 3886 Latinae

389 3929 448 3963 cum
462 3915 532 3963 notis
547 3929 616 3965 mor.
632 3929 799 3966 uoruororor.
819 3915 941 3984 Lugduni
956 3918 1034 3971 1658.

330 3996 373 4065 (8)
392 3997 422 4048 in
448 3998 544 4048 Comm.
567 4013 641 4064 supra
662 3996 732 4047 laud.
748 3997 859 4049 Tomi,
874 4017 934 4069 png.
949 3999 1010 4052 825.
1028 4000 1172 4051 Chronioon
1188 4013 1267 4049 utute
1283 4009 1311 4050 et

371 4119 374 4125 ,
388 4092 543 4136 contractum
565 4091 590 4132 et
609 4081 640 4130 ud
655 4097 752 4131 annum
768 4081 819 4132 820
833 4084 1010 4134 continuatum
1026 4097 1056 4132 ex
1074 4081 1126 4134 MS.
1142 4080 1208 4132 cod.
1224 4080 1311 4131 edidit

377 4180 484 4216 ironiis
503 4181 533 4253 pu
549 4179 642 4216 ouesrr
662 4163 759 4231 Script.
786 4166 885 4216 Frouc.
904 4163 1282 4232 Tom.111.pag.125-129.
