2918 5284
626 470 666 541 et

132 671 261 723 ancone
289 654 461 738 admonet,
499 671 553 740 ut,
586 680 645 745 quo
678 671 746 721 erat
781 655 865 746 apud
897 671 1005 748 regern
1034 651 1155 749 gratia,

131 771 318 840 huic¹malo
344 767 560 863 prospiceret,
586 797 689 862 neque
711 773 796 862 apud
818 799 851 839 se
875 776 1010 840 inveniri
1032 786 1159 866 patere*

131 889 199 976 tur,
224 891 402 981 dequibus
427 893 541 958 merito
561 881 625 958 diei
648 910 770 980 posset:
801 893 899 958 «Vidi
923 897 1039 984 impios
1055 895 1160 984 sepul·

133 1027 202 1094 tos,
219 1012 272 1099 qui
286 1033 360 1076 cum
374 1010 575 1094 adviverent,
595 1011 628 1075 in
642 1009 717 1076 looo
733 1023 844 1077 sancto
862 1027 987 1077 erant.»
1020 1005 1159 1078 Multum

132 1129 272 1218 denique
294 1131 400 1195 amieo
425 1129 480 1195 dat
499 1129 641 1213 consilii,
668 1153 732 1219 quo
755 1151 887 1194 moriere
906 1129 966 1194 sibi
988 1131 1159 1194 commisso

133 1248 217 1312 bene
241 1263 274 1312 et
296 1247 433 1312 fideliter
454 1247 615 1337 fungatur.
687 1264 695 1274 ·
1167 1233 1169 1236 Ι

177 1363 319 1429 Libellus
355 1365 395 1428 dc
428 1372 492 1429 situ
527 1364 613 1428 urbis
649 1367 872 1448 Hierusalem,
909 1375 974 1454 sire
1005 1367 1049 1430 de
1083 1367 1160 1432 locis

134 1485 267 1548 sanctis.
1060 1538 1063 1544 .

181 1599 349 1690 Superest,
387 1617 423 1665 ut
450 1600 490 1666 de
520 1599 584 1669 hoc
617 1601 748 1685 libello,
782 1601 878 1691 longe
908 1615 983 1666 onte
1018 1601 1160 1666 Iudicem

134 1718 273 1808 scripto,
292 1718 447 1807 quaedam
461 1713 619 1785 notemus.
661 1721 742 1784 Cum
756 1709 869 1785 deteris
883 1743 987 1785 nausa
1004 1721 1161 1810 Operibus

135 1838 172 1901 in
187 1825 289 1902 Editt.
301 1839 394 1902 Basil.
407 1854 440 1902 et
454 1838 571 1904 Colon.
590 1839 685 1904 Tom.
698 1839 754 1903 ΠΙ.
774 1839 911 1923 editum,
930 1861 1065 1927 cumque
1082 1838 1162 1902 duo·

136 1955 199 2018 bus
217 1953 321 2020 Codd.
340 1954 432 2020 MSS.
455 1949 592 2044 antiquis
615 1955 786 2039 collatum,
809 1979 885 2022 suae
902 1957 999 2021 etiam
1019 1954 1162 2020 Editioni

135 2095 210 2136 eum
230 2073 361 2137 inseruit
378 2095 489 2138 sntrn.
538 2068 651 2162 Neque
665 2097 830 2163 possumus
847 2097 913 2137 non
933 2074 1084 2139 adsentiri
1102 2075 1159 2156 iis,

138 2191 192 2277 qui
214 2191 305 2275 hujus
324 2192 521 2279 scriptionis,
542 2193 684 2278 quamvis
704 2193 790 2256 vana
810 2193 954 2256 continet
970 2177 1073 2255 minus
1091 2213 1164 2280 pro·

136 2307 245 2371 banda
264 2307 328 2396 (1),
353 2331 462 2373 raanan
484 2313 595 2374 verum
619 2303 783 2378 auctorent
805 2299 871 2374 esse
895 2297 1078 2397 opinantur.
1116 2293 1164 2373 ¹In

137 2425 204 2490 fine
234 2440 318 2490 certe
349 2449 539 2492 annotinos
567 2427 716 2515 quidam,
758 2428 935 2491 Galliarum
964 2427 1161 2514 Episcopus,

137 2567 235 2630 quum
262 2545 335 2608 loca
357 2562 466 2609 sancta
493 2543 641 2607 visitandi
669 2545 771 2632 gratia
805 2543 943 2632 patriam
972 2543 1164 2631 reliquerat,

139 2663 364 2746 Hierosolymis
391 2661 513 2748 aliquot
537 2683 660 2725 menses
685 2659 886 2744 demoratus,
909 2662 1161 2742 Alexandriam,

138 2779 354 2860 Damascum,
392 2778 685 2866 Constantinopolin
718 2793 751 2843 et
778 2779 921 2844 Siciliam
950 2781 1163 2868 percurrisse,

137 2899 303 2985 ventisque
328 2897 496 2960 contrariis
517 2898 551 2960 in
567 2898 757 2960 Britanniae
777 2899 873 2962 litora
890 2887 990 2963 redux
1015 2897 1165 2962 advectus

137 3039 207 3082 esse
225 3015 354 3082 dicitur.
402 3016 471 3080 lam
486 3015 540 3079 hic
562 3037 615 3098 ea,
639 3039 719 3102 quae
738 3015 866 3080 viderat·
878 3032 910 3082 et
928 3016 1165 3104 exploraverat,

136 3134 424 3201 communicavisse
439 3149 584 3198 narratur
602 3155 676 3197 eum
693 3155 871 3198 arenauno
887 3133 1095 3220 Presbytem,
1108 3131 1165 3217 -qui

135 3276 178 3319 ex
206 3255 274 3337 ejus
296 3249 422 3315 dictatis
444 3266 507 3314 tres
536 3250 634 3315 libros
660 3262 888 3340 componeret,
915 3263 1009 3336 atque
1030 3249 1105 3312 hinc
1129 3247 1166 3309 li·

183 3538 225 3608 (1)
244 3539 281 3590 Ita
303 3540 336 3590 de
359 3555 388 3590 ea
407 3537 507 3607 judicat
529 3537 634 3588 doctiss.
649 3551 779 3589 eructata
795 3541 823 3589 in
838 3531 933 3603 Biogu.
949 3538 1022 3588 Brit.
1040 3537 1129 3589 «this
1143 3539 1166 3589 is

243 3623 407 3692 confessedly
428 3621 506 3673 taken
527 3631 571 3674 out
589 3621 618 3672 oi
631 3639 645 3671 a
660 3621 728 3672 boot
746 3624 849 3672 written
871 3641 906 3674 on
921 3621 965 3672 the
982 3639 1051 3673 sarno
1066 3621 1169 3690 subject

245 3708 281 3776 by
302 3707 488 3768 Adamnanus,
507 3704 558 3756 and
580 3705 603 3754 is
620 3703 669 3754 full
686 3703 715 3754 oi
729 3705 896 3772 superstition
912 3705 962 3754 and
978 3705 1078 3768 fables,
1098 3723 1125 3756 so
1141 3723 1168 3756 as

243 3803 269 3843 to
283 3791 348 3844 have
363 3789 501 3841 furnished
516 3783 579 3839 siroh
594 3805 620 3838 as
634 3787 701 3838 hare
714 3785 841 3838 sensursd
855 3805 901 3838 our
915 3787 1007 3839 author
1020 3788 1086 3840 with
1100 3797 1168 3839 most

243 3875 272 3926 of
285 3875 354 3926 their
370 3875 535 3942 quotations,
554 3881 580 3924 to
598 3871 721 3922 discredit
733 3871 776 3920 his
789 3871 922 3938 writings3
940 3871 999 3922 how
1016 3870 1166 3939 equitsbly‚

246 3957 292 4010 the
313 3957 408 4008 candid
429 3955 480 4006 and
492 3954 626 4024 judicious
640 3956 731 4006 reader
746 3973 806 4024 may
817 3955 932 4024 judge.n
951 3956 983 4005 nt
996 3971 1074 4018 sero,
1091 3972 1168 4006 oom-

245 4050 351 4105 menta,
377 4043 473 4109 quibus
496 4041 525 4090 in
546 4039 595 4090 hoo
617 4039 710 4092 libello
728 4039 902 4103 offendimur,
921 4041 974 4088 non
990 4039 1072 4106 ipsius
1087 4053 1166 4088 annis

244 4133 320 4174 sunt:
348 4134 430 4174 narrat
451 4123 649 4188 tantummodo,
676 4139 742 4191 quae
762 4125 875 4174 virorum
890 4139 998 4192 magnae
1014 4123 1167 4174 auctoritatis

244 4209 403 4263 testimoniis
421 4209 497 4261 relata
517 4221 541 4262 et
560 4210 725 4278 comprobata
743 4209 848 4274 legerat.

1019 4331 1037 4392 7
