2900 5278
719 437 722 442 '
754 445 806 516 tt·

258 639 412 728 temporis
432 653 464 702 et
479 633 597 701 laboris
612 628 799 721 impendere
814 645 932 720 posset.
970 627 1143 695 «Officium
1158 630 1281 721 quippe

147 787 160 797 ·
257 781 366 824 cairam
389 755 539 843 requirit,
561 773 637 816 cura
664 765 806 815 mentem
833 747 995 833 distrahit,
1025 747 1190 815 distractio
1215 765 1283 816 stu·

259 875 348 939 dium
370 875 534 938 literarum
555 867 736 957 impedio(
757 867 784 956 ).

303 991 438 1055 Silentio
459 989 712 1077 praetermittere
728 1008 796 1050 non
809 1005 976 1074 possumus
990 984 1111 1049 Literas
1128 983 1168 1050 ad
1184 1009 1297 1051 onom·

257 1131 407 1190 rasorii,
435 1105 596 1171 Abbatem
619 1103 823 1186 monasterii,
847 1103 882 1166 in
908 1123 973 1190 quo
999 1102 1172 1168 maximam
1197 1105 1284 1170 vitae

257 1243 382 1318 partem
405 1247 489 1290 asoa
504 1224 610 1314 degit,
636 1245 655 1287 a
672 1243 788 1288 ssaaro
809 1221 898 1310 Papa
912 1220 1032 1287 missas.
1079 1219 1213 1311 Scripsit
1225 1223 1284 1312 igi-

257 1359 310 1408 tur
331 1341 430 1408 haec:

302 1461 461 1525 «Senarus
476 1460 672 1548 Episcopus,
696 1479 803 1523 servus
815 1479 980 1522 serrorum
998 1456 1077 1540 Dei,
1099 1479 1285 1524 cronrnmo

259 1579 409 1669 religioso
421 1577 557 1662 Abbati,
568 1576 1023 1666 Presbyteroquesalutem....
1047 1575 1286 1642 Benedictionis

258 1699 414 1786 gratiam,
448 1717 544 1784 quam
572 1696 666 1760 nobis
695 1717 755 1784 per
782 1709 981 1783 praesentem
1010 1695 1203 1783 portitorem
1229 1714 1285 1761 tua

260 1815 345 1880 misit
372 1813 489 1878 devota
509 1813 644 1904 religio,
668 1813 782 1878 libenti
805 1829 838 1878 et
859 1813 953 1878 hilari
978 1813 1103 1898 animo,
1126 1815 1218 1878 sicuti
1240 1817 1290 1880 ab·

259 1955 299 1997 ea
319 1931 441 1997 directa
458 1949 524 2015 est,
546 1953 605 1996 nos
620 1932 792 2020 suscepisse
806 1953 999 2021 cognosce..
1011 1980 1039 1997 ..
1087 1930 1286 2021 Opportunis

259 2073 337 2140 ergo
366 2073 405 2114 ac
433 2049 537 2140 dignis
556 2048 797 2139 amplectendae
816 2049 1039 2115 sollicitudinis
1061 2065 1136 2116 tuae
1154 2053 1283 2141 petitio·

258 2171 352 2234 nibus
373 2169 547 2234 arctissima
568 2168 742 2234 devotione
763 2169 906 2234 faventes
932 2167 997 2257 (a),
1026 2170 1193 2235 hortamur
1211 2171 1282 2236 Deo

259 2287 411 2353 dilectam
436 2288 589 2353 bonitatis
608 2303 681 2352 tuae
706 2287 964 2377 religiositatem,
995 2301 1046 2369 ut,
1072 2289 1147 2375 quia
1168 2289 1285 2352 exortis

259 2404 448 2495 quibusdam
466 2406 751 2471 ecclesiasticarum
767 2429 932 2470 causamm
950 2405 1112 2495 capitulis,
1134 2429 1200 2470 non
1216 2407 1288 2470 sine

258 2525 492 2590 examinatione
512 2525 637 2614 longius
658 2522 916 2608 innotescendis,
942 2547 1022 2613 opus
1040 2524 1131 2589 nobis
1147 2539 1220 2588 sunt
1244 2523 1286 2588 ad

260 2643 491 2709 conferendum
518 2645 593 2708 artis
616 2643 779 2708 literatura
800 2645 934 2727 imbuti,
965 2644 1047 2709 sicut
1070 2642 1163 2708 decet
1185 2643 1286 2709 devo·

297 2937 340 3006 (1)
359 2937 426 2990 Sunt
447 2935 525 2988 rerba
546 2951 617 2987 sorr.
637 2950 776 2987 retranit
798 2935 828 2987 dc
846 2939 913 2988 viris
935 2938 1033 2990 illustr.
1055 2939 1113 2991 ord.
1136 2938 1166 2990 S.
1187 2937 1285 2988 Bcncd.

272 3011 275 3016 ¹
364 3018 675 3085 tib..11.e.21.p.3t.

297 3105 341 3173 (2)
360 3102 424 3156 Sine
450 3100 532 3152 dubio
552 3099 617 3152 baec
638 3102 781 3170 respiciunt
800 3103 970 3173 privilegium
991 3105 1059 3156 illud
1080 3121 1220 3159 statutae
1240 3123 1289 3174 pro

363 3183 520 3236 monasterio
540 3200 587 3234 suo
601 3202 615 3234 a
630 3199 718 3236 sanato
735 3184 802 3256 Papa
817 3187 968 3254 decretum,
987 3192 1061 3258 cujus
1077 3191 1133 3258 ipse
1150 3205 1212 3242 erni
1227 3208 1288 3242 me-

368 3269 447 3320 minit
460 3268 488 3318 in
500 3268 574 3319 Hist.
588 3268 686 3319 Aibat.
703 3269 745 3319 W
742 3272 815 3321 irem.
830 3277 855 3320 ct
871 3273 957 3322 θίγω.
972 3271 1042 3322 suit.
1057 3285 1144 3323 wara.
1157 3290 1185 3340 p.
1193 3273 1244 3325 234
1259 3274 1287 3324 in

267 3382 271 3399 ι
367 3351 433 3404 fine.
458 3351 527 3402 Edit.
542 3366 620 3402 surra
642 3369 670 3419 p.
684 3352 746 3403 300.
771 3351 879 3405 «liisais
901 3352 1010 3404 Romam
1023 3355 1157 3408 monachis
1170 3367 1287 3425 temporo

369 3434 483 3504 (beatae)
507 3433 692 3484 recordationis
713 3447 799 3484 steort
821 3434 923 3505 Papae,
949 3437 1119 3507 privilegium
1141 3438 1173 3488 ab
1194 3456 1226 3490 eo
1242 3457 1286 3507 pro

268 3507 272 3522 ’
366 3519 476 3570 tuitione
495 3516 534 3566 sui
550 3516 699 3566 monasterii
716 3516 796 3566 instar
810 3515 900 3582 illius,
919 3517 990 3585 quod
1006 3533 1105 3570 sasrno
1121 3520 1188 3588 Papa
1204 3535 1286 3571 arrr-

268 3609 270 3618 '
367 3611 443 3649 nicto
457 3597 582 3663 dederat,
597 3599 694 3668 accepit
709 3612 869 3650 osotrstnns.
884 3598 958 3669 Quod
972 3601 1286 3670 Britanniasperlatum,

267 3717 271 3742 :
366 3692 392 3733 et
404 3699 490 3752 coram
504 3681 609 3750 Synodo
621 3681 793 3752 patefactum,
816 3685 992 3750 praesentium
1008 3684 1194 3754 llpiscoporum
1208 3684 1287 3735 simul

367 3776 393 3817 et
414 3764 547 3833 magnifici
571 3765 648 3834 Regis
676 3780 781 3818 strator
811 3767 1000 3836 subscriptione
1025 3767 1209 3820 confirmatum
1231 3779 1287 3830 cst,

366 3845 497 3915 quomodo
518 3853 597 3897 ettam
618 3850 689 3916 prius
704 3848 770 3898 illud
793 3850 832 3900 sui
847 3853 972 3918 temporis
995 3851 1093 3920 liegem
1107 3862 1132 3903 et
1147 3851 1287 3920 Episcopor

367 3931 395 3980 in
410 3928 515 3999 Synodo
528 3928 633 3997 publice
647 3930 814 3982 confirmasse
830 3950 883 3984 non
901 3934 993 3986 latet.»
1029 3936 1072 3988 Sic
1093 3952 1166 3987 stoa.
1202 3936 1286 3987 Note-

366 4024 407 4064 tur
426 4022 513 4065 autem
528 4013 666 4082 singularis
687 4015 736 4066 riri
751 4013 894 4080 modestia,
911 4019 957 4085 qui
972 4035 1033 4069 cum
1047 4019 1099 4070 dati
1116 4019 1188 4070 illius
1200 4018 1287 4086 priri-

364 4097 428 4167 legii
444 4099 607 4149 mentionem
620 4098 713 4164 faciat,
729 4115 764 4150 ne
777 4100 857 4151 verbo
872 4100 980 4168 quidem
987 4101 1034 4155 has
1042 4114 1167 4155 memorat
1175 4103 1285 4164 Literas,

365 4180 462 4248 quibus
477 4197 537 4234 suae
550 4180 640 4235 laudes
653 4192 785 4253 tantopere
800 4182 967 4237 extolluntur.
