2900 5278
761 491 802 555 to

276 674 512 763 cantabrigiam
534 671 677 736 afficeret
694 671 839 754 honore,
868 685 901 735 et
918 675 1050 758 juvenes
1068 671 1207 759 patrios,
1234 666 1295 735 do·

273 793 374 858 ctrina
396 807 428 857 et
450 792 568 856 virmte
591 787 815 870 instnrendos,
839 787 916 853 illuc
938 785 1121 854 adduceret.

277 929 279 938 ’
314 913 385 976 lam
406 912 488 974 haec
510 909 537 972 si
559 929 634 972 vera
655 928 722 971 ease
743 907 978 996 reperirentur,
1001 905 1118 970 mirum
1138 921 1291 993 minutum

270 1031 414 1096 facerent
431 1026 472 1091 ad
489 1047 593 1089 aaran
612 1022 721 1090 laudes
738 1022 987 1112 amplificandas.
1025 1021 1149 1088 Vereor
1162 1037 1289 1106 tamen,

271 1169 312 1212 ne
336 1145 435 1234 magis
461 1141 503 1207 ad
533 1141 726 1206 Academiae
756 1157 789 1206 et
821 1141 1040 1229 antiquitatem
1065 1139 1289 1206 vindicandam

271 1279 304 1329 et
320 1263 456 1353 gloriam
474 1258 668 1349 augendam,
685 1281 780 1346 quam
799 1259 940 1324 veritatis
955 1257 1062 1324 studio
1077 1259 1196 1348 scripta
1212 1259 1292 1325 sint.

272 1383 399 1446 Bruttus
424 1375 553 1465 quidem
578 1391 611 1440 et
636 1376 705 1458 alii,
733 1375 798 1456 his,
828 1391 866 1440 ut
886 1375 964 1440 mihi
986 1374 1152 1458 videntur,
1182 1377 1292 1440 Anna·

270 1499 355 1562 libus
376 1495 461 1576 nixi,
487 1515 596 1556 annau
621 1509 704 1556 artes
725 1492 871 1557 liberales
898 1493 1123 1582 Cantabrigiae
1146 1491 1291 1558 docuisse

271 1625 450 1677 asseverant
476 1609 544 1698 (ι),
578 1607 635 1672 sed
662 1609 806 1673 omnium
834 1625 941 1675 tamen
971 1611 1217 1700 intelligentium
1241 1614 1295 1698 ju·

270 1730 400 1813 dicum,
424 1743 458 1793 et
484 1728 538 1815 qui
562 1750 580 1790 a
606 1727 745 1815 partium
772 1723 879 1791 studio
907 1727 1002 1792 alieni
1022 1743 1114 1811 sunt,
1138 1752 1201 1793 una
1226 1751 1289 1794 vox

271 1863 336 1930 eat,
366 1867 583 1911 cincinorum
613 1843 707 1908 istum
735 1844 849 1909 nullius
866 1835 972 1934 'plane
999 1844 1074 1910 fidei
1093 1845 1291 1934 Scriptorem

271 1985 338 2030 esse
360 1961 542 2028 habendum
569 1960 628 2049 (a).
675 1962 716 2024 Et
733 1983 828 2043 sane,
860 1983 935 2026 cum
959 1965 1026 2049 jam
1048 1964 1090 2028 Α.
1117 1963 1182 2049 689
1207 1985 1292 2028 onon

270 2085 304 2148 in
336 2079 520 2148 cathedram
546 2077 713 2144 seniorum
741 2086 908 2166 promot'us
926 2079 1038 2162 luisse,
1070 2096 1164 2167 atque
1188 2103 1228 2145 ex
1248 2101 1293 2144 eo

307 2373 349 2443 (1)
368 2371 396 2428 J.
414 2385 505 2424 tatros
519 2370 548 2420 in
564 2367 635 2422 Edit.
649 2369 696 2420 ille
709 2373 855 2439 antiquiora
870 2373 1018 2439 Wesaliae,
1033 2373 1117 2439 154⁸,
1136 2374 1166 2425 de
1182 2371 1289 2425 Iliarir.
1376 2362 1381 2375 '

373 2455 442 2523 Maj.
464 2453 539 2505 Brii.
563 2452 693 2520 Seripior.
714 2471 775 2522 pag.
793 2454 846 2519 56,
869 2455 915 2506 ubi
927 2458 1015 2524 agitur
1027 2456 1061 2507 de
1075 2473 1172 2509 raucae
1186 2469 1290 2508 aratro·

372 2538 454 2592 conf.
474 2539 553 2590 etiem
573 2551 680 2590 soum
698 2552 772 2590 orsus
785 2538 959 2590 Laadinmeis
974 2536 1030 2605 (aut
1043 2539 1129 2607 potius
1145 2539 1294 2590 Caaiairi-

370 2623 486 2689 gienrir‚
503 2621 549 2688 qui
565 2621 657 2670 sinuit
669 2619 829 2689 collegium,
847 2621 1138 2692 quoddicitur,ou1),
1154 2622 1291 2672 Historiae

376 2704 625 2768 Cantabrig.Acad.
640 2705 673 2753 ab
689 2707 753 2754 arbe
766 2707 881 2769 condita,
896 2693 976 2757 Libri
988 2708 1058 2771 duo,
1078 2717 1103 2759 et
1117 2707 1293 2772 deAnttqait.

375 2789 451 2839 aaut.
467 2787 553 2837 Acad.
566 2786 645 2836 Libri
658 2787 710 2836 duo
724 2787 802 2835 rori.
838 2785 965 2836 Faunum
976 2803 1081 2854 quoque
1093 2788 1174 2855 hujus
1187 2788 1294 2840 fabulae·

371 2870 534 2924 mentionem
541 2869 602 2920 lucit
609 2869 638 2918 iu
645 2884 734 2938 opero,
743 2866 814 2934 quod
821 2865 978 2917 inscribitur:
989 2866 1031 2916 W
1027 2868 1122 2917 arthiae
1128 2871 1293 2934 osEngiaud

371 2958 401 3007 in
421 2967 467 3008 art.
489 2955 632 3018 Darham,
658 2953 704 3005 sed
724 2969 817 3021 parum
839 2949 903 3001 fidei
925 2951 951 3001 ei
968 2948 1063 3001 habere
1079 2950 1189 3003 videtur.
1225 2952 1287 3005 vid.

371 3039 429 3106 ejus
443 3039 556 3104 Hirtory
572 3039 606 3104 os
616 3039 657 3087 ilie
675 3036 754 3087 Unio.
769 3038 802 3103 os
815 3035 976 3100 Cambridge.
990 3033 1075 3086 lond.
1087 3035 1168 3098 1717,
1185 3031 1298 3086 inloto.-

304 3121 346 3190 11)
365 3120 404 3172 lle
432 3121 482 3174 hoo
511 3121 641 3190 scriptore
670 3129 715 3183 et,
740 3120 788 3188 qui
809 3120 834 3172 ei
855 3117 998 3183 tribuitur,
1021 3119 1104 3169 Libro
1126 3118 1214 3182 Nigro
1235 3116 1295 3170 rid.

370 3220 394 3260 r.
415 3219 511 3255 arturo
536 3205 632 3255 Comm.
652 3205 681 3254 in
705 3204 838 3270 Cygmam
856 3201 1007 3251 Certiorem
1021 3200 1051 3249 in
1064 3199 1184 3268 ejusdem
1200 3202 1291 3252 ltine·

370 3291 459 3351 rario,
485 3285 556 3338 Edu.
579 3299 687 3337 urtam
706 3283 790 3337 Oxou.
815 3281 1016 3335 1768101111.
1040 3311 1075 3320 —
1098 3281 1125 3335 J.
1147 3297 1237 3335 niuem
1260 3285 1291 3335 de

372 3371 470 3438 script.
487 3371 580 3422 illari.
594 3371 664 3434 Maj.
678 3367 883 3419 Bria—Brun
898 3366 1192 3430 rvrrrsAntiquad.
1204 3367 1292 3420 onon.

370 3451 600 3522 Apologialribd.
612 3468 640 3517 p.
650 3451 708 3499 114.
723 3477 758 3488 -
769 3450 901 3502 Latratus
915 3449 1137 3516 resumam.
1147 3451 1246 3520 Script.
1254 3480 1290 3492 -

370 3536 405 3587 G.
420 3552 443 3586 J.
457 3549 551 3586 vossius
565 3534 596 3583 de
610 3533 685 3584 Hiri.
698 3533 761 3583 Lai.
778 3531 863 3600 lugd.
876 3531 931 3583 Bet·
943 3527 1020 3584 162⁷.
1032 3551 1092 3602 pag.
1103 3529 1164 3587 ott.
1184 3535 1289 3587 tium

370 3619 400 3668 in
412 3632 486 3668 voce.
521 3617 554 3667 Et
569 3631 635 3684 quae
653 3616 767 3684 disputat
783 3631 908 3668 aruritae
922 3635 983 3686 pag.
998 3618 1129 3672 tte-tet.
1154 3621 1217 3689 Leg.
1233 3621 1290 3670 in-

369 3700 480 3768 primis,
506 3701 552 3767 qui
578 3699 634 3768 ipse
656 3699 810 3752 Academiae
843 3701 1067 3768 Cantabrigienair
1086 3704 1207 3756 alumnus
1232 3715 1289 3769 eut,

368 3801 393 3837 c.
402 3799 478 3847 trra,
488 3785 691 3853 A.B.11tst0ry
707 3788 740 3852 of
750 3786 791 3835 ilie
801 3786 952 3853 Univereiiy
962 3787 1015 3837 aad
1024 3787 1178 3855 Collegae]
1184 3789 1288 3839 camir.

367 3865 452 3918 Laud.
475 3867 550 3924 1814.
571 3883 632 3934 pag.
653 3868 690 3917 to
708 3884 763 3934 aeq.
799 3865 923 3918 Getarum
943 3871 1028 3937 spuria
1049 3885 1153 3937 quoque
1168 3871 1287 3923 habenda

368 3958 446 4012 sunt,
459 3963 525 4015 quae
541 3947 609 4015 apud
623 3948 738 3998 eundem
753 3963 917 4002 armaturea
931 3950 1070 4020 leguntur,
1090 3955 1187 4005 Baiiae
1197 3971 1289 4022 papa-

294 4070 300 4081 .
367 4037 418 4096 les,
433 4037 459 4083 ei
469 4033 626 4098 privilegia„
648 4031 710 4082 tid.
728 4033 781 4082 Tite
792 4035 934 4098 privileges
948 4037 980 4101 as
991 4035 1031 4085 tie
1043 4036 1121 4086 Unio.
1130 4039 1163 4105 os
1169 4040 1284 4101 Cambr„

366 4116 482 4181 iogeiitr
495 4116 558 4165 witi
573 4115 720 4165 additional
733 4117 910 4167 observatione
918 4135 952 4168 oa
960 4122 994 4170 iit
1001 4120 1118 4189 history,
1138 4124 1289 4192 aniiqaiiy,

367 4203 505 4251 literature
519 4201 573 4250 aad
586 4201 730 4267 biograpliy
747 4201 779 4266 by
797 4215 821 4252 a.
836 4215 919 4263 otte,
943 4202 1018 4256 1824.
