2900 5278
661 461 684 525 ⁷5

160 671 265 733 usui,
295 652 419 715 Scotiae
445 648 673 737 propinquum.
723 645 820 734 Plaga
851 646 927 710 olim
957 663 989 712 et
1014 669 1108 713 suave
1135 650 1188 713 ha-

161 765 299 833 lantibus
331 759 600 832 monasteriorum
632 763 763 828 floribus
794 760 916 844 dulcis,
952 781 984 829 et
1010 745 1144 830 urbium*
1168 790 1187 829 a

151 886 312 950 'Romanis
337 875 783 968 aedificatarum'frequeutia
812 877 980 964 renidens3
1014 907 1100 946 nuno
1133 883 1187 946 vel

155 994 289 1090 antiquo
317 1005 484 1066 Bonorum
516 1000 568 1064 vel
595 1000 717 1064 receuti
744 1000 1002 1065 Narmanaorum
1029 999 1186 1088 populatu

115 1137 117 1141 ·
160 1119 261 1202 nihil,
293 1118 380 1206 quod
411 1117 546 1182 multum
579 1117 703 1180 animos
730 1114 870 1198 alliciat,
895 1116 1085 1203 praetendit.
1134 1119 1187 1181 Ibi

162 1251 209 1300 est
235 1239 346 1317 Wira,
369 1258 429 1298 nec
463 1257 582 1324 egenae
613 1231 809 1316 latitudinis,
846 1256 907 1298 nec
929 1235 1032 1323 segnis
1055 1233 1186 1324 gurgitis

157 1352 276 1434 amnis,
302 1353 356 1440 qui
378 1353 494 1442 pelago
513 1349 628 1414 influus
652 1373 766 1432 naves,
791 1372 903 1417 serena
923 1352 1066 1415 invectas
1089 1374 1182 1434 aura,

157 1467 286 1558 placido
308 1471 366 1534 otii
387 1471 510 1565 excipit,
523 1469 658 1558 gremia.
707 1468 801 1554 Cujus
822 1483 969 1554 utrasque
988 1470 1073 1556 ripas
1090 1491 1183 1533 sunu-

157 1611 274 1653 morus
287 1586 415 1676 quidam
433 1588 573 1652 ecclesiis
593 1586 774 1676 insignivit,
795 1601 828 1650 et
848 1587 1040 1651 monasteria
1060 1585 1184 1652 ibidem

157 1707 354 1788 construxit,
379 1705 515 1770 alterum
539 1703 1102 1788 ruru1,alterumrsur.1uomine,
1133 1727 1184 1769 ca·

153 1825 255 1889 ritatis
285 1839 317 1888 et
348 1823 476 1912 regulae
505 1809 625 1887 unione
652 1845 719 1887 non
754 1821 985 1911 discrepantia»
1014 1821 1074 1910 (1).
1127 1821 1183 1888 Sic

153 1942 221 2006 ille.
268 1941 368 2006 Terra
388 1957 511 2024 autem,
536 1963 632 2028 quam
656 1957 834 2023 memorat,
859 1941 1011 2028 pertinuit
1029 1938 1069 2004 ad
1090 1939 1181 2009 iliam

140 2047 370 2150 'Heptarchiae
394 2060 681 2148 Angla-Saxonum
701 2059 888 2148 regionem,
922 2081 1005 2145 quae
1031 2056 1181 2124 Nordan-

154 2177 312 2242 Humbrr'a
332 2177 400 2242 sive
421 2158 653 2244 Nerthumbria
674 2175 851 2240 dicebatur.
898 2175 940 2237 Et
956 2175 1021 2238 hoc
1051 2173 1181 2260 quidem

152 2312 277 2384 septem
304 2317 479 2385 regnorum
510 2294 685 2358 maximum
723 2308 809 2374 erat,
846 2292 942 2378 inque
969 2289 1046 2356 duas
1073 2308 1180 2380 partes

153 2415 313 2498 majores,
344 2414 477 2476 Dei'ram
503 2427 598 2498 atque
623 2413 806 2474 Bernieiam
821 2441 847 2493 ,·
865 2409 1021 2475 divisum:
1056 2413 1180 2476 ambitu

152 2553 210 2596 suo
233 2553 308 2614 sex,
332 2545 368 2594 ut
390 2552 475 2594 nunc
496 2543 589 2611 sunt,
614 2528 754 2616 Angliae
777 2511 946 2592 comitatus
969 2525 1015 2616 (a)
1041 2543 1178 2617 partem·

151 2670 213 2736 que
226 2649 349 2712 Scotiae
370 2643 545 2710 hodiernae
562 2667 663 2732 usque
681 2643 722 2708 ad
737 2643 855 2710 fretum
866 2644 1111 2734 Edinburgense
1127 2645 1175 2734 (3)

139 2763 434 2852 complectebatur.
482 2761 654 2850 Utriusque
681 2764 888 2852 provinciae,
923 2779 1032 2828 antea·
1049 2763 1174 2829 duobus

148 2880 275 2970 regibus
295 2881 480 2966 subjectae,
504 2902 639 2969 regnum
661 2881 825 2966 conjunxit
848 2903 985 2963 oswrus,
1014 2882 1063 2945 cui
1087 2905 1174 2947 auno

135 2999 213 3090 ‘⁶7⁰
243 2997 396 3061 successit
419 3019 578 3062 sermons
605 2996 687 3061 filius
712 2996 772 3086 (4).
825 2996 948 3079 Quarto
972 3000 1063 3086 hujus
1089 3001 1172 3090 regis

145 3137 232 3182 anno
258 3136 406 3178 arsoorus
426 3112 575 3199 quidam,
600 3114 791 3203 cognomine
812 3139 1010 3183 euremarus
1026 3115 1091 3205 (5),
1115 3116 1170 3181 ad·

182 3440 224 3510 (1)
245 3437 311 3492 Gau.
325 3437 461 3489 Malmesb.
475 3433 508 3486 de
526 3435 613 3486 Gestis
626 3435 730 3500 Rapum
745 3435 898 3500 Angloram
912 3434 971 3486 Lib.
984 3435 1006 3487 Ι.
1016 3434 1048 3488 Ο.
1056 3437 1082 3488 3.
1089 3454 1117 3507 p.
1126 3437 1169 3488 at.

248 3523 278 3573 in
294 3520 357 3572 coa.
376 3521 473 3586 Saript.
484 3523 547 3586 post
559 3519 669 3568 Bedam.

180 3605 223 3674 (2)
243 3603 499 3666 Narthamberland,
534 3593 676 3664 Barbam,
713 3601 902 3667 cumberland,
938 3602 1167 3673 Westmoreland,

253 3687 409 3750 tarasiae,
428 3687 599 3737 Laneasbr‘re.

128 3789 131 3796 ¹
179 3770 223 3838 (3)
243 3769 395 3838 Antiquitus
420 3769 552 3820 Bodotria
578 3769 770 3832 Aeawariam,
803 3767 882 3820 hodio
915 3770 994 3821 Frate
1023 3773 1057 3838 of
1080 3772 1165 3824 Fortis

247 3853 354 3905 dictum.

179 3939 222 4008 (4)
243 3937 308 3990 Gur.
331 3936 466 3988 Malmeab.
487 3935 520 3988 de
546 3938 619 3988 θοαί.
638 3937 706 4000 Reg.
730 3937 813 4001 Aagl.
833 3936 893 3987 Lib.
910 3937 931 3988 I.
948 3935 980 3989 G.
1000 3937 1026 3988 3.
1045 3955 1104 4006 pag.
1119 3939 1162 3990 ²0.

247 4035 310 4092 uror
326 4020 398 4070 Hiat.
413 4019 487 4069 Eaal.
503 4017 534 4068 L.
549 4019 593 4070 IV.
610 4019 641 4070 G.
656 4023 682 4071 5.
698 4037 757 4088 pag.
772 4021 815 4071 88.
831 4018 907 4090 Oper.
923 4020 998 4072 Tom.
1013 4020 1060 4072 ΙΙΙ.

176 4105 219 4172 (5)
239 4103 310 4154 Bone
329 4102 526 4172 distinguendus
547 4119 561 4153 a
581 4105 679 4154 notiore
693 4103 740 4155 illo
756 4118 896 4156 annumero
912 4104 1049 4167 Nursina,
1069 4106 1160 4172 quiin

242 4196 330 4238 monte
349 4187 494 4238 Carrinensi
502 4203 575 4244 ‚anno
589 4187 641 4238 529
653 4188 749 4238 uorum
762 4186 946 4238 monachorum
959 4185 1079 4238 ordinem
1091 4203 1159 4241 con-
