2900 5278
648 463 688 527 25

158 646 225 710 kim
253 646 366 735 thearf
385 667 443 730 sy,
480 657 511 707 to
535 642 716 731 gehtggene
745 663 805 704 aer
832 640 882 704 lu's
909 641 1028 706 heonen
1051 665 1179 732 gange,

160 763 246 829 dwet
264 763 314 827 lais
326 775 421 850 gasto
437 759 540 850 godes
560 759 668 824 otdtde
683 759 789 845 yveles
806 758 911 846 aester
929 759 1040 825 deatke
1060 762 1181 826 deenen

159 881 274 944 mmcd
294 880 429 946 marthe.
477 876 575 958 Quod
596 878 639 942 ita
666 876 779 941 Latine
804 893 914 941 sonat:
952 879 1053 944 «Ante
1077 901 1182 944 neees-

161 998 281 1062 sarium
299 997 419 1060 exitum
435 993 639 1084 prudentior,
668 1015 763 1080 quarn
781 987 861 1081 opus
880 992 995 1076 fuerit,
1016 1018 1114 1060 nemo
1134 1019 1183 1060 ex-

161 1115 245 1179 istit:
276 1113 318 1180 ad
336 1111 539 1202 cogitandum
561 1109 728 1193 videlicet,
747 1125 917 1197 antequam
939 1112 1015 1174 hinc
1038 1113 1183 1200 proficis·

162 1247 253 1296 catur
275 1231 398 1310 anima,
428 1227 505 1315 quid
531 1228 610 1292 boni
630 1227 682 1293 vel
704 1227 781 1292 mali
804 1228 925 1318 egerit,
951 1229 1088 1316 qualiter
1108 1244 1182 1318 post

70 1383 77 1394 ·
156 1345 275 1410 exitum
293 1343 468 1430 judicanda
491 1344 607 1408 suerit·
624 1342 685 1433 (ι).
733 1345 894 1421 Cantabat
911 1345 1007 1410 etiam
1025 1345 1183 1434 Antipho·

155 1483 213 1526 nas
233 1460 408 1526 secundum
431 1476 574 1526 nostram
596 1459 860 1528 consuetudinem
882 1460 928 1549 (a)
956 1477 988 1526 et
1013 1464 1079 1544 sui,
1107 1487 1182 1552 qua-

156 1601 230 1642 rum
264 1601 330 1642 una
363 1595 426 1644 est:
474 1579 525 1643 «Ο
558 1579 626 1642 Rex
654 1577 796 1668 gloriae,
831 1579 970 1644 Domine
1002 1581 1180 1665 virtutum,

160 1695 215 1783 qui
247 1696 462 1784 triumphator
491 1694 588 1760 hodie
620 1719 716 1785 super
753 1719 864 1762 omnes
900 1698 1010 1764 coelos
1047 1698 1180 1766 adscen-

104 1885 106 1888 ,
160 1812 255 1897 disti,
279 1836 320 1879 ne
343 1812 545 1901 derelinquas
566 1837 625 1879 nos
652 1809 832 1904 orphanos,
857 1814 914 1880 sed
936 1816 1028 1880 mitte
1050 1817 1184 1905 promis·

157 1955 228 1998 sum
249 1933 352 1997 Patris
373 1931 407 1996 in
428 1954 488 1997 nos
507 1931 661 2021 Spiritum
674 1933 833 2016 veritatis,
858 1931 1029 2019 Alleluja.»
1072 1935 1115 1998 Et
1135 1932 1183 2022 (3)

160 2073 235 2116 cum
264 2050 403 2115 venisset
431 2049 471 2114 ad
503 2049 584 2114 illud
610 2051 760 2116 verbum:
796 2074 858 2116 «ne
892 2049 1094 2138 derelinquas
1123 2074 1183 2116 nos

159 2169 340 2258 orphanos»
359 2168 425 2258 (4),
454 2169 603 2258 prorupit
623 2169 658 2232 in
677 2169 854 2256 lacrymas,
879 2183 912 2232 et
931 2168 1068 2232 multum
1082 2167 1182 2236 flevit.

157 2286 200 2351 Et
221 2302 297 2376 post
317 2287 434 2351 horam
460 2287 569 2374 ooepit
591 2302 757 2374 repetere,
785 2307 865 2372 quae
885 2285 1093 2352 inchoaverat
1121 2285 1180 2375 (5).

161 2404 204 2468 Et
230 2405 310 2468 haec
340 2425 399 2468 nos
423 2399 585 2468 audientes
613 2402 750 2466 luximus
780 2425 854 2466 eum
877 2403 936 2467 illo
955 2401 1016 2488 (6).
1072 2403 1184 2468 Altera

159 2523 232 2587 vice
259 2521 412 2612 legimus,
449 2521 549 2586 altera
575 2521 791 2608 ploravimus,
824 2521 925 2583 immo
954 2541 1080 2608 semper
1108 2544 1183 2587 oum

159 2637 236 2706 lletu
271 2640 418 2729 legimus.
474 2638 511 2700 In
549 2636 606 2700 tali
645 2634 767 2700 laetitia
801 2636 1105 2727 quinqtmgesimales
1134 2637 1181 2727 (7)

160 2757 229 2823 dies
249 2780 347 2845 usque
366 2755 407 2821 ad
426 2754 512 2820 diem
532 2754 710 2844 praefatum
732 2753 897 2837 duximus,
920 2770 953 2820 et
970 2754 1026 2819 ille
1046 2755 1183 2821 multum

159 2873 338 2965 gaudebat,
360 2875 494 2960 Deoque
519 2874 634 2963 gratias
658 2873 774 2962 agebat
794 2870 857 2960 (8),
881 2872 954 2958 quia
985 2872 1031 2936 sic
1057 2874 1186 2938 meruis-

198 3085 241 3154 (1)
261 3084 399 3136 Nonnulla
419 3085 488 3135 dixit
499 3113 535 3125 -
543 3085 690 3152 judicanda
706 3086 803 3152 faerit.
828 3082 1008 3137 Diuiderantur
1018 3083 1083 3136 haee
1096 3085 1185 3138 omnia

270 3168 340 3237 apud
354 3183 429 3232 aaa„
448 3167 495 3219 ubi
509 3185 556 3235 pro
570 3168 623 3219 illis
637 3168 802 3219 substitutum
816 3178 868 3219 est:
889 3169 976 3219 dicens
990 3173 1047 3220 erat
1058 3169 1088 3220 dc
1102 3171 1183 3220 larri-

269 3252 394 3302 tutatae
407 3254 559 3302 animorum
571 3266 584 3300 e
597 3266 711 3316 corpore.
729 3250 778 3302 Pro
790 3252 1185 3318 nonnulla-ajebatumrnoa

265 3345 368 3387 tantum
385 3333 465 3386 habet
485 3335 563 3385 dixit.
598 3334 693 3388 Itidem
713 3335 831 3386 Latinam
845 3337 1095 3405 interpretationem:
1116 3336 1187 3403 quod

261 3421 300 3472 ila
313 3448 348 3457 —
357 3420 448 3485 suerit
459 3419 556 3471 omisit.

195 3502 238 3572 (2)
257 3501 307 3553 Pro
329 3501 470 3552 standum
491 3506 618 3564 nostram,
631 3504 843 3555 aamdudinem
857 3519 913 3556 nrt.
928 3515 954 3558 et
968 3521 1026 3558 aar.
1040 3504 1138 3558 habant
1152 3504 1184 3556 ob

263 3588 381 3633 nostram
399 3584 608 3636 consolationem.
644 3585 693 3638 Pro
707 3588 827 3655 sequenti
842 3590 885 3639 aaa·
899 3603 957 3641 otu.
971 3605 1056 3648 tuam.

198 3667 241 3736 (3)
265 3669 318 3732 Qui
331 3667 508 3734 triumphator
520 3684 602 3736 usque
617 3668 649 3720 ad
664 3674 689 3720 el
699 3669 794 3722 desunt
807 3671 877 3739 apud
892 3686 950 3724 sta.

197 3757 240 3826 (4)
262 3758 400 3824 orphanos
413 3756 487 3808 da'e'st
500 3757 569 3825 apud
583 3772 640 3808 tra.

201 3842 244 3910 (5)
263 3844 354 3894 Eleis
363 3859 414 3910 per
428 3847 511 3894 tolum
525 3845 592 3894 diem
600 3844 736 3911 faciebat,
756 3841 828 3894 addit
841 3857 899 3894 uta.

196 3923 240 3992 (6)
260 3925 432 3988 Etflevtmas
445 3924 516 3975 addit
530 3941 588 3977 ata.

196 4007 240 4076 (7)
264 4009 515 4074 Qaadrogesimales.
532 4025 589 4060 una.

195 4091 238 4161 (8)
261 4093 376 4144 Gaalsas
389 4098 428 4144 est
440 4099 466 4145 et
475 4094 533 4147 Deo
544 4096 652 4160 gratias
665 4095 802 4162 rescrebat.
821 4093 896 4146 ·lltn.
911 4087 1054 4154 Referebat
1067 4087 1095 4138 ln
1109 4101 1183 4156 seqq.

248 4209 252 4219 ι
267 4177 335 4249 apud
350 4193 411 4234 eum
423 4179 504 4233 de‘e'st.
