2918 5284
631 497 689 562 101

144 675 320 738 obnoxium
335 691 429 756 esset,
456 690 562 740 utrum
584 700 696 744 revera
715 702 734 743 a
751 683 987 770 osor-proiecti
1004 686 1083 767 sint,
1094 707 1170 751 *nec

144 815 203 875 ne,
224 793 380 878 ejusmodi
396 810 502 860 tamen
521 811 593 861 suut
611 799 754 887 generis,
771 815 806 864 ut
818 801 1169 890 'magis-eneroitatjonis

145 933 238 976 cause
264 935 283 975 a
312 935 395 976 uuna
419 916 556 999 juvene,
594 930 647 978 aut
675 915 809 981 fortasse
838 918 935 981 etiam
968 921 1170 1006 provectione

144 1043 248 1094 aetate
270 1029 305 1092 in
331 1049 423 1094 usum
446 1030 609 1110 studiosae
631 1034 819 1118 juventutis,
831 1049 939 1120 'mam
955 1057 996 1098 eo
1013 1037 1168 1120 consili0,

141 1145 178 1210 ut
191 1147 371 1236 posteritati
387 1147 608 1230 traderentur,
623 1199 628 1222 =.
634 1147 743 1237 scripti
763 1171 830 1214 esse
848 1149 1027 1218 rideantur.
1062 1150 1170 1233 Quare

142 1285 198 1329 eos
214 1263 273 1346 rilxg
286 1265 446 1353 Operibus·
454 1263 787 1359 *monsgaduumerari
804 1289 897 1355 posse
914 1269 1105 1352 existimem,
1123 1271 1169 1334 uti

141 1385 208 1448 boc
218 1384 261 1447 ab
277 1383 347 1471 ipso
365 1385 463 1448 etium
482 1399 613 1454 auctore
628 1383 1083 1466 'factumnon‘esse.vidimus.

187 1500 364 1588 Adjicimus
386 1525 473 1566 nunc
490 1519 582 1569 notas
601 1485 757 1590 quasdam
771 1503 812 1567 de
829 1501 942 1568 ordine
958 1519 1169 1593 ettempore,

142 1639 207 1708 quo
228 1641 311 1684 reor
333 1620 515 1710 scripserit,
527 1620 654 1709 „prouti
671 1617 803 1685 illaeex
823 1620 920 1708 ipsius
938 1621 1088 1710 operibus
1105 1621 1170 1686 col·

141 1737 197 1828 ligi
216 1733 367 1826 possum..
1196 1736 1198 1742 ’

164 1852 370 1922 ·⁴Secundum
386 1856 454 1940 ejus
468 1855 685 1920 narrationem
701 1854 798 1944 igitur
810 1855 974 1938 novimus,
992 1877 1066 1920 eum
1080 1877 1169 1944 prae

144 1972 238 2062 cipue
261 1987 334 2063 post
357 1972 688 2056 tricesimumaetotis
711 1995 845 2056 annum,
871 1974 895 2040 i.
916 1997 946 2040 e.
969 1975 1011 2038 A.
1035 1973 1170 2061 701vel

144 2112 210 2178 702
240 2090 361 2172 libros,
394 2091 447 2178 qui
475 2091 509 2154 in
535 2088 908 2174 Indicememorantur,
939 2091 1166 2178 composuisse.

138 2207 186 2272 Bt
196 2208 258 2284 bos
272 2207 401 2295 quidem
414 2207 569 2297 deinceps
578 2209 622 2273 ab
638 2231 678 2273 eo
694 2209 830 2298 scriptos
846 2231 912 2273 esse
921 2209 1096 2298 reperimus
1106 2231 1114 2273 τ
1126 2245 1169 2262 -

138 2441 270 2509 mositii
286 2441 378 2513 orbis
389 2447 634 2532 Hierosolymis,
652 2447 718 2509 sive
737 2444 778 2508 de
794 2445 875 2508 locis
891 2444 1018 2508 muctis.

135 2583 174 2614 're
195 2581 198 2586 '
216 2559 332 2628 'Paulo
350 2561 439 2650 ¹post
472 2584 682 2648 aunum⁴7ot
702 2561 765 2639 ,vel
796 2561 863 2648 702
889 2561 944 2624 hic
977 2559 1105 2626 libellus
1130 2583 1170 2626 ex

134 2707 155 2718 ··
193 2739 196 2745 ,
263 2701 450 2756 venturam
473 2677 628 2766 opusculo
649 2691 817 2767 excerptus
840 2700 907 2742 esse
923 2675 1062 2762 videtur.
1090 2677 1166 2744 Vid.

269 2819 356 2884 'quae
369 2797 568 2878 notavimus,
578 2818 654 2886 pag.
667 2797 722 2882 98.
739 2797 921 2885 «Epitoma‚
942 2795 1030 2884 qood
1047 2794 1168 2861 dudum

169 2933 184 2966 π»
276 2915 412 2979 strictim
428 2913 673 3001 excerpsimus.»
690 2915 775 2980 Hirr.
787 2915 878 2980 Eccl.
890 2914 962 2980 Lib.
973 2913 1017 2980 V.
1027 2935 1099 3002 cup.
1115 2915 1166 2979 18.

140 3033 192 3112 De
207 3030 328 3096 Notum
342 3032 475 3106 Rerum.

141 3147 197 3216 Dc¹
210 3149 439 3239 Temporibus,
456 3149 539 3214 liber
554 3150 672 3219 minor.

130 3299 139 3308 ·
163 3290 208 3306 “
233 3269 358 3334 Finitur
380 3267 491 3355 quinto
508 3289 635 3332 munau
652 3267 709 3334 ΠΙ.
734 3268 938 3356 Imperatoris
963 3289 1068 3349 anuo,
1092 3267 1116 3332 i.
1136 3289 1166 3332 e.

234 3435 237 3440 .
277 3387 319 3452 Α.
339 3407 402 3474 701
423 3385 474 3450 vel
496 3407 573 3474 7ο2.
605 3383 672 3449 «De
693 3383 813 3450 Natura
833 3386 954 3450 Rerum
975 3400 1008 3449 et
1029 3385 1168 3450 Ratione

60 3489 65 3502 ⁸
128 3549 161 3561 ··
214 3505 229 3562 ἱ
278 3505 475 3594 Temporum
497 3503 577 3568 duos
599 3501 762 3590 quondam
785 3505 896 3568 stricto
913 3526 1061 3569 somnone
1077 3504 1169 3570 libel-

276 3623 326 3688 los
354 3622 555 3712 composui.»
595 3621 701 3686 Praef.
731 3619 772 3685 ad
798 3621 915 3686 librum
949 3625 1104 3708 majorem
1126 3623 1168 3686 de

281 3740 498 3830 Temporibus.
1052 3743 1053 3748 ’

137 3859 285 3948 Epistola
302 3858 532 3949 Apologetica,
554 3855 594 3921 de
610 3880 664 3921 sex
681 3856 836 3920 aetatibus
852 3856 962 3920 seculi.

229 3977 364 4064 Scripta
379 3993 426 4042 est
446 3999 532 4040 auno
552 3999 629 4064 7⁰7·
661 3975 875 4064 «Opusculum
893 3997 999 4040 meum
1017 3972 1057 4038 de
1073 3975 1166 4040 Tem-

276 4096 426 4183 poribus,
451 4093 537 4183 quod
554 4110 627 4158 ante
649 4094 898 4182 quinquennium
918 4092 1036 4159 edidi.»
1058 4095 1164 4182 Epist.

274 4215 409 4302 Apolog.
428 4240 461 4303 p.
480 4219 542 4293 242
561 4211 646 4278 Edit.
664 4190 841 4280 wuturou.
