2900 5278
469 1122 617 1226 rtlts
647 1126 850 1224 Paron

487 1401 489 1408 ’
515 1384 625 1450 Vlrt
643 1383 804 1446 unuln.

257 1941 378 2042 Nullus
394 1977 527 2042 fortasse
546 1977 692 2068 Scriptor
709 1979 805 2067 paulo
823 1980 980 2046 celebrior
1000 1997 1065 2065 est,
1082 1985 1170 2068 cujus

142 2097 230 2160 vitae
251 2095 404 2184 temporis
428 2095 542 2180 injuria
563 2111 667 2158 tantas
692 2087 837 2161 tenebras
862 2097 1050 2182 obduxerit,
1076 2119 1172 2185 quan·

143 2212 184 2276 tis
211 2212 388 2277 involutam
414 2209 482 2276 esse
507 2213 682 2302 reperimus
704 2214 803 2276 vitam
832 2205 956 2298 suoru,
991 2214 1173 2302 Presbyteri

141 2332 420 2420 'Angla-Saxonis,
455 2331 507 2393 cui
539 2353 720 2419 cognomen
753 2327 964 2398 Venerabilis.
1011 2331 1172 2396 Nimirum

144 2448 242 2513 valde
260 2450 345 2512 inter
362 2471 396 2512 se
414 2464 608 2537 repugnant,
635 2471 720 2535 quae·
738 2446 778 2512 de
795 2450 887 2534 hujus
914 2450 974 2513 viri
997 2450 1171 2532 natalibus,

143 2564 186 2630 de
206 2566 393 2631 muneribus
408 2566 448 2630 ab
466 2589 505 2630 eo
527 2567 637 2654 gestis,
661 2559 851 2651 deque'ejus
871 2583 975 2631 morte
997 2568 1172 2632 memoriae

143 2681 264 2746 tradita
284 2697 367 2746 sunt.
414 2683 456 2744 Et
479 2681 585 2744 variae
609 2679 737 2770 quidem
761 2683 853 2767 hujus
877 2683 924 2747 rei
944 2699 1017 2746 sunt
1039 2701 1170 2748 causae:

147 2799 347 2887 Scriptorum
372 2798 516 2886 paucitas
545 2815 577 2862 et
602 2799 814 2889 negligentia,
836 2799 966 2866 turbida
986 2817 1171 2890 temporum

145 2915 247 2998 ratio,
274 2916 371 3004 ipsius
395 2916 454 2978 viri
478 2913 634 2982 modestia
657 2916 752 3006 plane
775 2916 954 3006 singularis,
979 2941 1042 3006 qua
1064 2919 1170 2982 lucem

142 3047 174 3098 et
198 3021 417 3098 celebritatem
436 3034 604 3098 hominum
629 3033 764 3124 lugeret.

188 3151 234 3212 Ut
258 3165 365 3213 autem
387 3173 461 3214 vera
487 3175 506 3213 a
525 3151 630 3233 falsis,
656 3168 744 3216 certa
763 3153 803 3216 ab
823 3153 952 3216 incertis
975 3151 1167 3242 distinguan-

144 3281 214 3348 tur,
240 3267 373 3330 onmino
398 3265 439 3330 ad
462 3291 515 3348 ea,
542 3290 621 3354 quae
642 3291 725 3331 rnna
747 3267 787 3334 de
808 3270 928 3356 seipse
950 3271 1092 3357 scripsit,
1116 3268 1168 3333 ad·

140 3375 339 3450 tendendum
366 3400 423 3450 est.
471 3386 561 3450 Haec
596 3409 673 3451 vero
706 3408 805 3474 quum
828 3386 1017 3473 paucissima
1044 3402 1169 3450 tantum

141 3504 224 3586 sint,
250 3502 328 3566 alios
349 3527 477 3591 qnoque
498 3503 694 3594 Scriptores,
718 3520 750 3569 et
764 3527 819 3568 eos
841 3502 970 3592 quidem
992 3504 1165 3593 imprimis,

140 3621 198 3708 qui
218 3641 327 3684 nnornr
353 3620 498 3708 proxime
522 3623 623 3686 secuti
644 3635 732 3704 sunt,
755 3619 842 3686 adire
864 3636 897 3685 et
923 3622 1089 3687 consulere
1111 3646 1168 3687 no·

135 3737 192 3830 ¹bis
215 3757 295 3825 opus
314 3737 391 3820 erit,
417 3753 453 3801 ut
475 3736 551 3802 inde
574 3738 774 3827 suppleamus
784 3786 804 3820 ,.
820 3761 901 3824 quae
922 3741 976 3803 hic
999 3739 1164 3808 deliciunt.

143 3853 218 3934 Qua
242 3869 347 3919 tamen
371 3855 405 3918 in
430 3879 465 3920 re
494 3869 584 3919 caute
607 3847 813 3919 versabimur.
861 3855 926 3918 Alii
951 3857 1037 3920 enim
1064 3857 1162 3939 alios,

140 3971 182 4036 ad
206 3973 306 4036 verba
332 3971 507 4052 interdum,
539 3971 790 4061 descripserunt,
819 3987 852 4036 et
877 3973 1052 4063 generatim
1076 3988 1165 4036 tanta

141 4091 200 4156 fuit
225 4114 338 4156 eorum
359 4092 499 4173 incuria,
527 4091 638 4155 utrix
662 4090 762 4155 ullum
785 4091 948 4171 invenias,
974 4112 1069 4177 quem
1093 4103 1164 4153 tuto

139 4206 255 4276 ducem
285 4211 436 4298 sequaris.
493 4209 594 4276 Nobis
622 4210 718 4299 igitur
748 4210 792 4274 ita
823 4207 981 4298 agendum
1016 4209 1094 4291 erit,
1129 4223 1165 4272 ut

969 4349 982 4392 1
