2900 5278
752 437 795 503 tt

263 622 465 684 Ascensionis
490 618 687 700 dominicae,
711 618 745 682 id
769 635 838 701 cst,
874 620 1012 707 septimo
1042 593 1205 684 Kaleiidas
1229 619 1287 684 Ju-

261 737 307 800 nii
322 735 387 824 (1),
405 737 505 800 vitam
519 735 669 818 ducebat,
684 751 716 800 ct
731 737 844 818 nobis,
863 737 925 800 suis
945 735 1124 825 discipulis,
1141 735 1286 822 quotidie

261 853 416 918 lectiones
445 852 565 935 dabat,
602 870 635 918 et
671 851 826 942 quidquid
858 853 1015 941 reliquum
1052 869 1121 918 erat
1151 851 1215 917 diei
1249 854 1286 917 iu

261 971 460 1034 Psalmorum
483 969 706 1036 decantatione
732 973 914 1061 occupabat
936 970 1001 1060 (2):
1031 986 1134 1035 totam
1156 993 1285 1059 quoquc

259 1104 391 1154 noctem
423 1089 458 1152 in
488 1088 609 1153 laetitia
634 1088 682 1177 (3)
716 1105 749 1154 et
782 1090 955 1179 gratiarum
989 1089 1118 1154 actione
1146 1087 1286 1177 pervigil

260 1197 416 1289 ducebat,
442 1207 503 1270 nisi
528 1223 682 1294 quantum
704 1206 752 1295 (4)
778 1205 925 1272 modicus
948 1229 1078 1271 somnus
1101 1204 1282 1294 impediret.

259 1323 419 1413 Evigilaus
451 1339 557 1388 autem
591 1325 698 1389 statim
730 1340 882 1389 consueta
907 1325 1075 1414 repetivit,
1111 1340 1144 1388 et
1168 1345 1285 1412 expan-
1378 1361 1384 1368 ·

259 1442 301 1506 sis
338 1441 385 1530 (5)
416 1443 562 1507 manibus
594 1443 666 1507 Deo
696 1443 812 1532 gratias
844 1465 938 1532 agere
973 1465 1041 1506 nou
1074 1441 1187 1506 desivit
1222 1439 1285 1530 (6).

260 1557 345 1624 Vere
366 1551 496 1642 fateor,
527 1559 600 1648 qnia
626 1559 787 1624 nemiuem
820 1560 917 1623 alium
951 1559 1052 1624 oculis
1085 1558 1165 1625 meis
1192 1557 1282 1642 vidi,

259 1699 321 1741 uec
350 1677 477 1742 auribus
510 1675 635 1758 audivi,
668 1690 734 1740 tam
764 1675 933 1765 diligentes
961 1676 1078 1766 gratias
1107 1677 1179 1740 Deo
1209 1675 1284 1741 vivo

259 1791 379 1860 referre
402 1792 462 1883 (7).
510 1793 539 1857 Ο
569 1815 644 1858 vere
676 1794 787 1858 beatus
815 1794 881 1858 vir!
930 1795 1073 1860 Caoebat
1095 1793 1284 1858 sententiam

260 1911 346 1974 beati
372 1933 471 1975 raum
494 1910 642 2000 Apostoli
655 1908 718 2000 (8):
765 1909 993 1976 «Horrendum
1011 1927 1058 1976 cst
1082 1910 1225 1976 incidere
1249 1913 1284 1974 in

260 2051 372 2093 manus
390 2028 451 2094 Dei
464 2029 598 2094 viventis
609 2059 639 2112 ,u
662 2044 694 2093 et
716 2029 815 2092 multa
832 2028 948 2094 eliade
969 2028 1086 2094 Sancta
1101 2029 1281 2119 Scriptura,

260 2145 295 2210 in
311 2146 424 2233 quibus
442 2169 502 2212 nos
521 2169 539 2210 a
557 2169 672 2212 somno
691 2147 814 2213 animae
834 2170 1018 2238 exsurgere,
1033 2146 1283 2238 praecogitando

259 2262 375 2326 horam
396 2261 559 2346 ultimam,
584 2263 778 2330 admonebat
800 2264 860 2353 (9).
907 2267 950 2330 Et
970 2267 1005 2330 in
1025 2281 1134 2330 nostra
1157 2285 1285 2354 quoque

260 2379 384 2469 lingua,
409 2381 473 2446 hoc
495 2396 544 2446 est
563 2380 698 2470 Anglica
721 2380 805 2470 (ιο),
827 2397 953 2446 uteret
975 2382 1091 2447 doctus
1111 2384 1146 2446 in
1170 2381 1285 2447 nostris

261 2499 455 2564 carminibus
478 2498 632 2565 nonnulla
653 2498 746 2566 dixit.
791 2499 876 2564 Nam
899 2515 932 2564 ct
956 2513 1033 2564 tunc
1055 2501 1120 2564 hoc
1146 2500 1285 2590 Anglico

261 2618 403 2682 carmine
419 2640 641 2706 componens,
665 2619 802 2682 multum
821 2635 1030 2707 compunctus
1052 2620 1180 2706 ajebat:
1204 2620 1285 2684 Fon·

261 2734 349 2799 mam
377 2735 529 2822 neodfm
562 2741 660 2824 nemag
685 2735 839 2819 wynhetd
861 2735 991 2798 thoraces
1019 2750 1143 2800 snottra
1171 2737 1288 2801 thoano

296 2991 340 3058 (1)
362 2991 476 3059 Septimo
499 2992 568 3042 Idan
580 2992 660 3058 Majt.
680 2991 743 3042 sn.
759 2989 883 3043 Ceterum
901 2990 1083 3043 annotabimus
1102 2989 1188 3055 infra,
1204 3005 1289 3044 atto·

367 3089 432 3125 aton
451 3075 519 3124 mals
537 3075 585 3125 hac
605 3076 645 3127 tui
667 3073 824 3146 exemplaris
846 3075 959 3128 lectione
979 3076 1007 3125 in
1022 3091 1135 3126 errorem
1149 3074 1286 3126 inductum

364 3173 437 3222 csse,
455 3173 516 3208 cum
529 3157 642 3210 definire
657 3157 737 3211 vellet
749 3170 869 3228 tompus,
889 3176 942 3228 quo
957 3175 1021 3210 nsua
1033 3170 1149 3210 mortuus
1161 3170 1238 3212 essct.

297 3239 340 3309 (2)
360 3241 409 3292 Pro
430 3242 609 3294 &cantatam
628 3242 727 3295 babent
748 3249 828 3296 canta
842 3259 899 3296 art..
914 3253 941 3294 ct
955 3257 1012 3294 atu.
1034 3245 1123 3295 Pront
1131 3247 1239 3310 potnit,
1261 3259 1289 3297 tc

365 3327 517 3394 occupabat.
543 3327 605 3378 Bm.

298 3410 341 3478 (3)
361 3411 462 3461 Laetus
475 3414 503 3460 itt
517 3409 682 3460 orationibus
694 3413 728 3460 et.
749 3408 811 3460 Bm.

298 3492 342 3559 (l)
363 3491 411 3542 Pro
427 3492 546 3557 pervigil
565 3490 690 3555 ducebat,
713 3491 805 3542 ducere
824 3492 953 3545 taedebat.
978 3507 1037 3546 sta.
1076 3492 1124 3545 Pro
1138 3497 1287 3560 quantam,

364 3578 545 3625 tantumn.
560 3573 684 3626 Ihtmlm.
699 3589 755 3626 ut.
768 3585 794 3626 et
807 3591 865 3626 car.
910 3603 912 3608 ·

298 3654 341 3724 (t)
361 3656 409 3708 Pro
431 3659 550 3724 repetivit
568 3662 594 3708 et
607 3661 746 3725 expansis,
774 3673 832 3710 aaa.
851 3657 930 3710 habet
948 3659 1150 3727 stnpmramm
1164 3659 1288 3712 nwdula-

365 3743 438 3791 mina
455 3743 624 3805 ruminabat,
643 3745 814 3808 extensisque.

298 3824 341 3891 (θ)
361 3825 422 3876 Non
437 3827 606 3877 desinitur.
644 3827 706 3876 Non
719 3831 758 3877 cst
774 3828 879 3878 oblitus.
901 3827 963 3876 Bas.

299 3909 341 3978 (7)
363 3911 430 3960 Vere
439 3912 531 3977 fatcor
543 3926 626 3978 usque
642 3910 675 3958 ad
689 3911 790 3976 referre
802 3909 897 3961 desunt
911 3907 979 3976 apud
993 3921 1046 3958 m.
1063 3907 1289 3962 Dunelm.ctttt.

298 3993 341 4060 (8)
361 3993 409 4046 Pro
424 3994 547 4061 Apostoli
563 4009 620 4044 ctu.
636 3993 753 4043 dicentis.

298 4075 342 4143 (9)
362 4077 400 4128 In
415 4079 510 4143 quibus
524 4093 607 4146 usquc
622 4075 655 4126 ad
670 4075 823 4126 admonebat
836 4074 931 4125 desunt
945 4074 1014 4142 apud
1028 4089 1081 4127 tut.
1097 4084 1124 4126 et
1138 4089 1194 4126 ιιι.

282 4158 340 4224 (10)
361 4159 421 4210 Hoc
439 4164 478 4210 est
491 4161 625 4224 Anglica,
643 4158 738 4210 desunt
751 4158 824 4226 apud
834 4173 889 4209 tut.
906 4168 931 4210 ct
947 4171 1004 4208 aas.
