2900 5278
757 443 795 504 12

264 645 341 716 prae
361 625 474 692 ceteris
495 623 535 688 ab
556 641 596 686 eo
620 619 755 685 dilectus
769 620 863 684 fuisse
880 635 973 708 atque
989 620 1175 690 honoratus.
1222 624 1289 710 Qui

264 767 362 833 quum
392 745 488 833 ipsius
522 759 708 821 rnnononr,
750 738 993 829 Archiepiscopi
1028 741 1288 826 Contrariensr‘r,

264 862 464 928 celeberrimi
490 858 629 923 nominis
655 859 731 940 viri,
760 856 889 922 auditor
912 858 1009 923 fuerit
1037 874 1070 924 ct
1096 857 1288 949 discipulus,

262 1002 375 1045 corum
399 979 434 1042 in
463 999 599 1042 nurnero
627 977 713 1040 hunc
743 975 838 1041 fuisse
865 977 1002 1065 opinor,
1036 998 1116 1064 quos
1141 977 1290 1046 Latinam

263 1095 482 1185 Graecumque
503 1095 644 1184 linguam
667 1117 767 1181 aeque
786 1117 824 1158 ac
850 1095 988 1182 patrium
1018 1116 1199 1160 sermonem
1226 1122 1290 1166 no·

251 1216 343 1280 ,visse
369 1237 453 1279 anun
476 1213 594 1296 refert3
625 1213 670 1278 ita
699 1228 735 1278 ut
762 1211 943 1300 quicunque
971 1212 1162 1278 lectionibus
1191 1217 1289 1281 sacris

262 1346 418 1422 cuperent
442 1329 579 1412 erudiri,
609 1331 643 1394 in
670 1346 825 1420 promptu
842 1331 997 1396 haberent
1017 1332 1202 1421 magistros,
1232 1335 1288 1421 qui

262 1448 430 1514 docerent.
481 1448 550 1512 Hos
576 1470 676 1531 vero,
712 1470 810 1536 quum
836 1470 896 1512 suo
925 1463 1072 1538 ternpore
1098 1449 1287 1538 superfuisse

260 1582 395 1632 testetur
422 1588 533 1649 nune„
554 1565 630 1653 quin
660 1566 734 1654 ipse,
760 1564 912 1650 audierit,
948 1566 1052 1632 nullus
1086 1565 1199 1633 dubito
1222 1568 1280 1658 (1).

265 1681 420 1748 Ordinem
442 1706 543 1773 porro
570 1682 739 1766 cantandi,
768 1682 940 1772 psallendi,
971 1701 1066 1774 atque
1092 1687 1126 1750 in
1153 1689 1288 1753 ecclesia

264 1801 463 1867 ministrandi
483 1799 583 1888 juxta
595 1823 722 1866 morem
744 1801 909 1874 Romanae
930 1803 1152 1888 institutionis,
1174 1803 1288 1871 didicit

263 1922 304 1987 ab
323 1943 448 1986 roman
467 1920 541 2004 illo,
566 1920 719 1985 ecclesiae
739 1943 766 1986 a.
784 1942 881 1985 rnrnr
896 1921 1015 1986 Romae
1030 1922 1283 2007 Archicantore,

248 2061 358 2128 »quem
375 2059 590 2122 ennrnrcrns,
613 2039 832 2102 consentiente
847 2059 1022 2105 aceruonu
1040 2037 1146 2128 Papa,
1170 2041 1204 2104 in
1219 2041 1288 2103 Bri·

251 2157 403 2222 tanniam
429 2153 612 2220 adduxerat.
661 2155 733 2220 Hac
753 2171 860 2222 autem
879 2158 915 2221 in
935 2173 1003 2224 arte
1024 2172 1146 2223 tantam
1165 2159 1284 2224 famam

250 2271 350 2364 apud
367 2271 492 2361 Angue
517 2287 628 2336 nactus
653 2287 702 2337 eet
721 2295 876 2358 ronanus,
904 2289 956 2358 ut,
984 2290 1066 2340 teate
1088 2299 1190 2360 nune,
1215 2300 1283 2343 non
1395 2271 1399 2282 ’

248 2391 366 2456 ¹solum
389 2390 437 2454 sui
460 2389 661 2472 monasterii,
691 2391 715 2455 i.
743 2413 773 2456 e.
799 2393 847 2458 W
844 2391 1081 2477 iremutlteneis,
1112 2395 1225 2460 fratres
1249 2419 1284 2460 se

264 2505 430 2576 docendos
450 2507 481 2572 ei
502 2506 634 2590 darent,
664 2531 776 2572 rerum
798 2509 896 2574 etiam
917 2525 954 2574 ut
972 2511 1116 2576 homines
1134 2511 1286 2578 cantandi

262 2627 360 2717 periti
382 2649 422 2692 ex
445 2623 592 2690 omnibus
614 2647 698 2714 pene
721 2623 862 2711 ejusdem
880 2628 1064 2715 provinciae
1084 2630 1285 2696 monasteriis

264 2742 307 2809 ad
325 2744 416 2808 illum
439 2740 632 2807 audiendum
654 2743 890 2833 convenirent(
911 2744 938 2832 ).

308 2866 441 2928 Brevem
467 2883 567 2950 porro
590 2861 674 2925 vitae
689 2884 781 2944 suae,
806 2861 894 2926 nulla
915 2885 1022 2928 rerum
1035 2865 1187 2930 varietate
1207 2865 1282 2930 iusi·

263 2981 349 3072 gnis,
374 2979 608 3067 expositionem
629 2979 699 3066 ipse
720 2981 755 3043 in
775 2977 839 3045 fine
853 2982 1016 3046 Historiae
1035 2983 1147 3048 Genu'e
1163 2983 1286 3072 Angla-

250 3122 335 3164 rum
352 3094 440 3161 dedit
460 3114 562 3178 nunu,
579 3095 614 3158 in
627 3095 692 3159 hoc
706 3118 850 3184 quoque,
867 3112 902 3161 ut
918 3100 962 3163 ait
975 3099 1284 3186 Malmeeburienrir,

262 3214 448 3298 laudabilis,
471 3209 559 3301 quod
583 3211 829 3302 quantulamque
852 3216 900 3280 sui
919 3218 1137 3306 cognitionem
1152 3219 1286 3308 posteri-

368 3581 479 3648 Bened.)
502 3580 620 3632 dubitare
641 3578 686 3634 hic
706 3582 810 3634 ridetur
822 3593 946 3653 putetque
959 3588 1054 3639 rectius
1069 3603 1152 3642 ernau
1165 3590 1285 3662 discipu-

249 3709 253 3720 ,
367 3665 424 3716 lum
438 3663 496 3714 dici
516 3677 619 3716 tonum
640 3665 713 3717 illius
734 3667 941 3731 Archicantoris,
968 3669 1001 3722 do
1015 3688 1068 3740 quo
1087 3673 1143 3740 ipre
1157 3686 1242 3725 narrat
1257 3677 1286 3726 in

369 3747 444 3797 rtur.
461 3745 537 3796 Eccl.
551 3745 611 3799 Lib.
627 3747 674 3800 lv.
692 3766 715 3800 c.
730 3749 781 3813 tt,
799 3758 867 3800 utet
881 3751 911 3800 in
931 3751 1006 3804 Hot.
1021 3753 1119 3804 Attae.
1135 3754 1246 3808 Wirem.
1262 3762 1288 3808 et

372 3830 511 3962 Gym.d-
528 3828 605 3882 Recte
621 3832 730 3898 quidem
743 3830 793 3882 hoc
806 3869 814 3898 ,
833 3832 900 3885 illud
913 3845 1000 3886 tuneo
1014 3853 1060 3887 cur
1073 3838 1222 3906 negandum
1236 3843 1288 3906 eit,

367 3929 422 3963 non
437 3927 464 3962 rr
483 3927 524 3962 eo.

302 3997 345 4064 (1)
366 3997 439 4048 Hirr.
454 3996 528 4048 Eccl·
542 3995 601 4047 Lib.
617 3995 662 4048 lv.
676 4014 700 4047 c.
712 3995 740 4046 2.

303 4080 345 4149 (2)
365 4080 432 4131 Brut
452 4081 525 4131 litet.
540 4080 614 4130 Ecel.
635 4079 822 4134 1..1v.0.1c.
848 4083 920 4136 Hitt.
945 4084 1000 4138 Vt.
1016 4087 1113 4140 Attae.
1130 4088 1241 4140 Wirem.
1260 4094 1284 4138 et

372 4166 466 4231 (ἕψω.
481 4182 508 4232 p.
523 4163 574 4216 tat
589 4162 659 4216 Edit.
674 4178 810 4218 nuenton.
