2918 5284
784 497 829 562 98

228 697 230 700 ·
295 681 421 766 bellus,
445 680 486 746 de
507 701 570 767 quo
592 695 676 746 nuno
695 679 835 767 agimus,
853 689 1019 764 excerptus
1041 695 1120 740 esse.
1169 668 1323 760 Ejusdem

296 821 469 866 loannem
495 813 602 864 autem
626 795 823 864 mentionem
849 794 926 860 facit
952 815 1036 858 suus
1059 793 1094 858 in
1117 793 1203 864 Har.
1227 795 1321 862 Eccl.

297 919 369 984 Lib.
384 915 427 984 V.
447 938 517 1008 cap.
539 917 595 999 16,
618 915 725 980 virum
738 938 812 980 eum
827 936 947 980 vocans
963 913 1077 978 bonnm
1097 925 1131 976 et
1148 920 1325 1001 sapientem

298 1048 332 1100 et
355 1041 491 1100 scientia
509 1035 741 1123 Scripturarnm
761 1032 956 1098 nobilissime
978 1039 1176 1102 instructum,
1200 1031 1324 1102 Eadem

300 1175 427 1241 quoque
454 1152 500 1216 ibi
529 1151 709 1218 referuntur
738 1149 779 1219 de
809 1172 975 1219 anconem
1005 1149 1262 1238 peregrinatione
1289 1165 1325 1222 et

301 1269 439 1335 adventu
464 1271 498 1335 in
526 1271 749 1352 Britanniam,
784 1268 888 1357 deque
912 1292 971 1352 eo,
994 1265 1082 1356 quod
1109 1289 1325 1353 mantuus,

301 1388 359 1454 illo
385 1388 525 1456 docente
554 1404 586 1454 et
611 1387 769 1470 dictante,
794 1389 930 1478 peregit.
977 1386 1090 1475 Neque
1113 1401 1237 1455 tantum
1258 1387 1324 1454 hoc

304 1530 406 1597 opus,
443 1505 536 1595 quod
561 1507 739 1598 legentibus
769 1504 970 1572 utilissimum
1002 1503 1101 1587 dicit,
1137 1528 1193 1570 sua
1214 1497 1324 1572 aucto·

303 1628 396 1690 ritate
430 1625 580 1714 probavit
615 1646 719 1708 aros,
753 1647 864 1696 verum
900 1625 998 1694 etiam
1028 1622 1183 1713 quaedam
1213 1647 1253 1692 ex
1285 1649 1324 1692 eo

304 1741 480 1832 decerpere
513 1758 547 1808 et
578 1743 739 1819 Historiae
768 1765 843 1811 suae
871 1743 1012 1812 interere
1040 1765 1158 1832 operae
1186 1744 1325 1832 pretium

303 1861 394 1930 duxit
407 1861 468 1952 (1).
515 1862 580 1927 Ubi
602 1862 734 1931 tandem
759 1861 865 1929 addit:
913 1862 1020 1930 «Haeo
1044 1860 1235 1928 adsensum
1254 1862 1324 1951 qui·

303 1977 379 2046 dero
391 1981 562 2046 verborum
574 1996 741 2072 excerpta,
762 1979 819 2055 sed
826 1981 1027 2050 brevioribus
1040 1980 1217 2068 strictisque
1234 2001 1324 2046 oom-

302 2097 459 2187 prehensa
487 2100 700 2174 sermonibus,
719 2100 852 2184 nostris,
887 2098 929 2168 ad
953 2099 1123 2166 utilitatem
1150 2101 1325 2191 legentium

304 2215 452 2282 Historiis
474 2215 584 2282 indere
608 2217 747 2307 placuit,
771 2217 864 2308 plura
889 2219 916 2282 si
941 2241 1037 2307 quem
1060 2217 1141 2286 scire
1167 2217 1324 2302 delectat,

303 2333 354 2398 vel
376 2333 497 2422 inipso
519 2333 577 2399 illo
600 2335 781 2420 volumine,
807 2337 856 2404 vel
878 2343 913 2402 in
936 2360 992 2420 eo,
1016 2337 1103 2427 quod
1126 2337 1166 2402 de
1190 2337 1244 2403 illo
1267 2337 1326 2402 du·

304 2450 379 2516 dnm
400 2458 535 2516 strictim
558 2461 789 2542 excerpsimus,
815 2463 983 2543 epitomate
1003 2456 1158 2544 requirat»
1171 2455 1233 2544 (2).

350 2565 469 2650 Quanti
491 2585 600 2636 autem
620 2571 704 2637 illius
722 2575 876 2663 temporis
895 2574 1040 2640 homines
1053 2596 1223 2639 tnttmsnr
1245 2597 1329 2663 opu·

305 2687 428 2752 sculum
450 2688 610 2772 facerent,
634 2688 839 2782 intelligimus
864 2715 904 2758 ex
920 2715 978 2774 eo,
1001 2689 1088 2781 quod
1105 2711 1188 2756 naun
1197 2705 1330 2775 narrat,

306 2828 380 2872 eum
398 2805 517 2872 librum
537 2829 628 2874 sumn
649 2807 814 2877 tradidisse
837 2831 985 2876 scamno
1008 2810 1105 2899 Regi,
1131 2808 1173 2874 ad
1190 2831 1286 2897 quern
1309 2831 1331 2874 a

306 2948 363 2990 sua
387 2941 482 3016 gente
506 2911 627 3016 legatus
654 2929 804 3012 venisset,
832 2929 990 3018 hujusque
1016 2951 1116 3018 porro
1138 2928 1330 2992 liberalitate

306 3040 375 3106 aliis
397 3065 525 3130 quoque
548 3047 614 3130 ejus
634 3046 807 3110 lectionem
827 3070 1011 3112 concessam
1031 3069 1109 3112 esse.
1158 3046 1252 3110 Circa
1272 3067 1327 3110 an·

308 3181 385 3224 num
409 3159 505 3250 igitur
526 3184 589 3250 701
613 3161 693 3228 illud
715 3166 869 3255 scriptum
893 3189 960 3232 esse
980 3164 1123 3249 videtur,
1147 3189 1227 3253 quo,
1249 3181 1329 3230 teste

307 3299 485 3344 utronno
517 3281 872 3368 Westmonasteriensi,
904 3307 1099 3350 nannenus
1132 3284 1252 3374 legatus
1288 3279 1331 3348 ad

352 3641 395 3712 (1)
417 3643 479 3696 tid.
502 3647 576 3698 Hist.
597 3648 672 3699 Eecl.
696 3647 755 3700 Lib.
771 3646 804 3702 V·
822 3669 878 3721 oop.
892 3653 978 3704 16-18
993 3653 1063 3710 Edit.
1080 3654 1200 3711 braii-,et
1214 3654 1332 3719 Colum,
1444 3709 1445 3720 ,

413 3745 471 3798 erp.
486 3731 570 3782 15-17
596 3731 666 3784 Edit.
686 3748 783 3797 suern,
809 3735 837 3784 in
852 3751 903 3802 qua
921 3753 996 3806 capp.
1011 3738 1028 3789 8
1042 3748 1069 3790 et
1082 3739 1100 3790 9
1120 3755 1204 3790 unum
1216 3739 1334 3803 iaciunt;

414 3812 514 3865 collatis
530 3833 604 3886 capp.
623 3817 657 3880 2,
677 3817 711 3880 ⁷,
729 3818 746 3868 8
764 3827 789 3870 et
806 3818 823 3868 9
840 3817 901 3871 libri
918 3821 950 3872 de
966 3821 1044 3874 Lotis
1064 3823 1182 3876 Sanctis,

354 3895 397 3965 (2)
418 3895 480 3948 tid.
500 3898 519 3949 l.
534 3899 554 3950 l.
589 3897 650 3952 Non
670 3901 750 3969 igitur
769 3900 829 3952 satis
841 3899 943 3968 liquet,
962 3919 1121 3971 querentur
1139 3905 1336 3958 inludicesuo

413 3979 463 4032 hoe
486 3983 639 4052 opusculum
661 3984 791 4036 omiserit:
817 4001 851 4036 sn
872 3985 994 4052 fortasse,
1021 3991 1082 4056 quia
1104 3988 1169 4040 illud
1192 3991 1236 4040 vix
1257 4004 1336 4040 suurn

414 4061 511 4116 hebere
525 4066 632 4134 posset?
651 4064 725 4133 Quod
740 4081 845 4121 nunnus
859 4070 993 4122 contendit
1006 4070 1025 4122 l.
1040 4070 1060 4122 l.
1073 4089 1133 4140 pag.
1148 4072 1235 4132 16⁰3,
1249 4069 1337 4120 libel-

414 4145 471 4198 lum
493 4149 521 4199 in
543 4149 632 4200 Indice
655 4151 779 4203 omissum
807 4169 881 4218 esse,
907 4157 1031 4222 quomnn
1053 4157 1161 4225 scriptus
1186 4164 1254 4208 esset
1271 4161 1338 4222 post

414 4229 529 4281 indicem
546 4233 710 4300 confectum,
731 4236 811 4304 ipsius
825 4242 935 4294 auctoris
949 4240 1036 4296 serbis
1050 4242 1186 4296 refellitur.
