2918 5284
739 473 780 538 92

249 659 343 726 Tom.
378 661 403 724 1.
435 677 468 746 p.
501 678 539 743 9,
565 654 650 718 Edit.
684 676 788 719 novae
819 677 853 743 p.
892 652 955 740 398
990 653 1050 742 (1).
1104 655 1272 736 Asamus,

248 778 434 845 Monasterii
474 775 713 840 Contrariensis
746 773 872 854 Abbas,
911 772 994 836 bene
1031 769 1277 861 distinguendus

250 912 298 961 est
322 897 363 960 ab
385 916 507 959 turmo
525 914 648 957 rxxcco
666 893 730 956 sive
747 913 908 973 susurro,
934 891 989 977 qui
1005 889 1114 954 seculo
1132 893 1280 978 sequenti

247 1014 335 1078 vixit.
370 1013 495 1076 Auctor
512 1033 616 1076 arou
637 1025 669 1076 et
690 1009 817 1098 adjutor
833 1009 937 1074 fuerat
952 1006 1140 1072 scribendae
1155 1009 1282 1097 Anglo·

250 1153 319 1194 rum
359 1130 537 1212 Historiae,
575 1146 612 1194 ut
652 1153 747 1218 supra
781 1152 820 1193 ex
854 1127 1057 1192 Praelatione
1092 1126 1276 1194 adtulimus.

248 1247 320 1311 Hac
349 1263 455 1312 autem
487 1248 521 1310 in
554 1247 697 1337 Epistola
729 1247 846 1336 gratias
873 1247 938 1334 agit
968 1267 1052 1309 sant
1080 1267 1141 1334 pro
1172 1247 1278 1311 missis

247 1365 307 1430 sibi
337 1367 404 1451 jam
431 1363 569 1430 secunda
596 1365 667 1428 viee
699 1387 759 1452 per
789 1385 1013 1442 normann,
1049 1362 1276 1452 Presbyterum

247 1483 499 1565 Londinensem,
541 1481 757 1546 monumentis
793 1496 826 1545 et
858 1480 1016 1562 fontibus,
1063 1501 1128 1568 quo
1165 1481 1280 1546 melius

249 1621 329 1688 opus
359 1623 450 1663 suum
481 1599 709 1664 conscriberet.
764 1597 867 1661 Simul
893 1619 1033 1680 suamc,
1065 1599 1148 1686 grati
1178 1600 1280 1663 animi

248 1715 448 1808 significandi
480 1740 590 1799 eausa,
614 1717 717 1806 ipsam
744 1716 920 1780 Historiam
942 1715 1041 1780 mittit
1065 1717 1279 1782 transcriben-

248 1834 339 1918 dam,
360 1835 517 1922 aliamque
534 1834 631 1898 etiam
645 1832 853 1922 scriptionem
871 1833 912 1896 de
929 1833 1059 1922 Templo
1072 1855 1271 1918 ssuouoms,

248 1952 289 2019 de
319 1975 381 2040 qua
410 1975 504 2040 supra
533 1955 599 2037 jam
628 1949 775 2016 diximus.
832 1951 909 2015 Non
942 1952 1046 2016 multo
1076 1953 1172 2042 igitur
1198 1967 1273 2041 post

249 2093 367 2135 annum
397 2068 459 2158 731
490 2069 574 2133 hanc
606 2069 782 2157 Epistolam
810 2069 963 2157 scriptam
991 2091 1059 2134 esse
1090 2079 1181 2158 puto.
1258 2109 1263 2122 ι

295 2188 444 2277 Epistola
465 2209 570 2252 urm
592 2187 639 2251 ad
658 2208 834 2252 usurarum
857 2188 1060 2270 Anartium,
1084 2185 1124 2252 de
1146 2209 1278 2252 euarsrr

251 2305 415 2370 Praesulis
437 2307 557 2394 officio.

297 2424 440 2489 Primum
465 2421 551 2488 edita
573 2437 620 2487 est
643 2445 662 2486 a
685 2445 822 2488 wintro
844 2424 943 2490 Dubl.
973 2423 1073 2507 1664,
1099 2425 1236 2513 repetita
1257 2447 1278 2490 a

251 2562 438 2606 wnurroro
458 2539 562 2606 Lond.
592 2539 686 2627 1693.
734 2540 875 2625 Mendis,
898 2565 979 2631 quiae
996 2559 1196 2631 supererant,
1218 2565 1277 2607 sua

251 2660 285 2724 in
311 2657 461 2723 Editione
486 2657 743 2747 Cantabrr‘giensi
765 2657 806 2722 ad
826 2658 924 2724 fidem
947 2657 1030 2725 Cod.
1054 2658 1139 2724 Mt·
1159 2660 1278 2724 Μανιο-

253 2783 360 2840 nensis
374 2797 444 2840 eam
458 2776 603 2866 purgavit
617 2799 783 2840 summus.
807 2775 882 2840 Fuit
897 2793 1003 2842 autem
1021 2799 1186 2843 sensurus
1201 2777 1276 2860 ille,

251 2893 292 2959 ad
315 2917 411 2982 quem
427 2893 570 2983 Epistola
586 2893 660 2960 data
677 2911 740 2978 est,
759 2896 1026 2985 Archiepisoopus
1041 2896 1273 2978 eboracense,

250 3033 335 3096 non,
361 3028 397 3076 ut
420 3027 509 3101 putat
533 3034 672 3092 usurus,
697 3013 974 3102 Lindtsfarnensis
992 3013 1058 3102 (a),
1084 3015 1200 3104 quippe
1222 3015 1278 3102 qui

250 3127 425 3210 tredecim,
458 3143 491 3192 et
522 3127 610 3216 quod
643 3130 800 3213 excurrit,
835 3131 924 3196 annis
956 3147 1030 3214 ante
1061 3133 1194 3221 scriptas
1220 3133 1277 3196 has

250 3246 371 3312 Literas
405 3268 423 3309 e
452 3246 518 3310 vita
547 3244 701 3312 discessit.
758 3247 840 3313 Satis
872 3263 977 3315 autem
1010 3265 1101 3314 certo
1136 3273 1174 3316 ex
1207 3251 1277 3339 ipss

251 3365 392 3453 Epistola
414 3379 557 3447 constat,
584 3387 654 3428 eam
676 3365 829 3452 scriptam
850 3389 918 3430 esse
939 3383 1074 3432 exeunte
1095 3390 1180 3432 anno
1196 3365 1272 3456 734,

252 3481 391 3572 aut‘735
411 3483 558 3566 ineunte,
579 3481 615 3546 id
636 3497 700 3564 est,
725 3482 814 3546 brevi
834 3499 980 3573 ternpore
998 3499 1192 3551 antemnas
1209 3485 1275 3549 obi·

253 3615 334 3663 tum.
382 3599 542 3662 Nimirum
570 3599 699 3688 triginta
732 3599 860 3666 circiter
895 3604 969 3667 anni
1001 3605 1046 3667 ibi
1075 3605 1178 3668 exacti
1208 3623 1277 3668 esse

253 3714 404 3780 dicuntur
426 3710 658 3803 postmortem
681 3739 822 3783 suranus
846 3719 960 3808 Regis3
985 3719 1069 3784 hunc
1092 3743 1170 3785 vero
1189 3742 1277 3784 anno

297 4035 338 4103 (1)
358 4034 478 4088 Seorsum
497 4036 576 4086 etiam
596 4052 652 4086 eam
674 4035 757 4096 edidit
774 4050 877 4088 rttmtt.
892 4053 952 4088 cum
966 4037 1077 4089 adnotat.
1094 4041 1145 4091 ΒΨ).
1161 4037 1274 4090 Parisiis.

297 4119 339 4186 (2)
359 4117 420 4170 tid.
435 4135 560 4172 wmarus
574 4120 623 4172 Lo.
639 4139 666 4188 p.
681 4121 733 4173 252
748 4122 776 4171 in
791 4130 850 4172 nota
862 4159 870 4186 ,
883 4131 908 4172 et
921 4122 992 4175 conl.
1007 4136 1112 4174 truso.
1128 4123 1157 4172 de
1175 4121 1271 4188 script

356 4203 427 4252 Brit.
446 4220 473 4270 p.
491 4202 534 4254 97.
565 4227 567 4234 ¹
