2918 5284
778 489 841 552 10⁰

295 689 354 740 nus
375 685 408 736 et
427 689 522 735 sonas
547 663 705 733 Hamillus
728 681 852 732 tantum
876 687 997 748 senaa,
1023 668 1208 754 neutiquam
1233 668 1326 734 com·

295 797 484 856 mentalium
509 786 559 852 vel
584 788 849 875 Expositionem,
879 799 1076 867 memorent,
1107 785 1217 873 quidni
1241 789 1327 854 haec

295 908 438 973 desumta
456 929 522 971 esse
537 919 684 995 putemus
700 927 739 968 ex
753 905 829 992 ipsis
843 905 935 989 hujus
951 903 1011 967 viri
1028 902 1202 967 Homiliis?
1234 905 1324 970 Hinc

295 1049 411 1115 nempe
423 1024 516 1090 laeile
529 1025 671 1111 irrepere
683 1037 856 1112 potuerunt
868 1021 902 1085 in
912 1021 1205 1105 Commentarium,
1224 1045 1325 1110 quem

295 1143 461 1208 Editiones
476 1141 614 1223 habent,
640 1139 778 1228 quisquis
796 1144 861 1226 ejus
883 1153 996 1203 auctor
1011 1137 1087 1220 tuit,
1111 1154 1143 1202 et
1157 1136 1324 1204 undecun-

296 1283 358 1350 que
387 1281 443 1324 sua
468 1259 665 1347 compilavit.
720 1259 908 1340 Praeterea,
940 1258 1185 1344 Expositionem
1211 1257 1320 1342 illam,

297 1401 488 1467 quamquam
515 1397 619 1440 aunan
648 1397 767 1440 nomen
793 1374 875 1440 falso
901 1374 1018 1457 ferret,
1047 1373 1229 1439 mirandum
1253 1399 1324 1440 non

297 1515 361 1581 est,
384 1519 403 1561 a
425 1518 506 1561 sonu
528 1517 632 1559 sunau
652 1495 808 1558 tributum
830 1493 970 1582 esse(1).
1017 1493 1175 1579 Equidem
1191 1516 1324 1582 prorsus

297 1637 414 1702 negare
433 1635 501 1677 nou
523 1613 639 1692 ausim,
664 1611 781 1675 librum
804 1635 823 1674 a
845 1634 928 1675 uuna
949 1610 1132 1699 profectum
1148 1633 1235 1695 esse,
1257 1617 1323 1678 nee

297 1748 404 1796 tamen
439 1747 624 1820 argttmenta
649 1745 682 1794 et
708 1731 862 1811 rationes,
896 1731 978 1818 quae
1004 1731 1039 1794 iu
1062 1729 1202 1795 medium
1226 1729 1325 1796 allata

298 1849 389 1932 sunt}
424 1849 530 1913 valere
563 1849 742 1937 putaverim
770 1848 914 1913 adeum
942 1863 1107 1912 auctorem
1135 1846 1322 1916 dicendum.

297 1967 339 2031 Et
363 1968 397 2032 in
422 1965 509 2031 tan'ta
533 1969 791 2056 operumuuu'us
816 1966 911 2055 eopia
937 1981 971 2030 et
991 1967 1144 2032 varietate
1162 1981 1322 2055 praestat,

298 2109 337 2151 ex
359 2091 478 2150 nostro'
496 2101 583 2150 certe
596 2085 742 2172 judicio,
768 2086 889 2150 cautius
910 2083 1108 2168 discernere,
1133 2108 1226 2174 cpiam
1247 2108 1323 2175 spu·

299 2205 347 2268 ria
383 2201 559 2268 admiscere
579 2204 750 2293 'genuinis
806 2203 956 2268 Ceterum
988 2205 1132 2269 continet
1158 2205 1211 2268 hic
1239 2205 1326 2270 liber

300 2319 541 2404 adnotationes,
572 2345 612 2386 ex
634 2343 819 2386 aueusutno
848 2320 1003 2404 maxime,
1037 2337 1200 2412 excerptas
1226 2323 1327 2387 et'in

301 2437 530 2527 compendium
557 2437 720 2522 redactas,
749 2438 874 2503 insertis
902 2441 1017 2529 passim
1040 2440 1170 2504 alimum
1191 2440 1329 2506 Petrum

299 2555 473 2622 sententiis.
549 2609 552 2614 .
620 2609 623 2614 .

703 2713 914 2739 quw—¹·—

343 2915 534 2979 Reeensioui
559 2935 693 3003 opemm
719 2938 737 2979 a
761 2938 845 2981 suna
870 2921 1127 3010 conscriptorum
1151 2919 1249 2984 finem
1269 2919 1325 2984 hio

299 3029 530 3118 imponendum
551 3053 619 3096 esse
640 3031 798 3100 duximus.
846 3037 1132 3105 Praetermittimus
1149 3041 1252 3104 varios
1266 3041 1329 3104 mi·

299 3147 387 3211 noris
410 3145 562 3236 ponderis
587 3149 752 3216 Tractatus
773 3168 806 3217 et
827 3153 983 3238 Libellos,
1000 3158 1081 3244 qui,
1104 3161 1170 3243 ejus
1193 3157 1324 3222 nomine

300 3265 462 3355 inseripti,
490 3267 557 3332 sive
579 3267 664 3333 inter
688 3285 794 3336 cetera
816 3273 912 3362 ipsius
938 3297 1053 3364 opera,
1079 3299 1134 3340 seu
1154 3275 1325 3364 separatim

299 3384 333 3448 in
354 3384 461 3450 lucem
477 3388 631 3451 exierunt.
667 3387 761 3452 Enim
778 3411 880 3473 vero,
902 3393 928 3456 si
943 3393 995 3458 vel
1011 3394 1114 3460 minus
1131 3393 1326 3458 dubitationi

341 3721 385 3789 (1)
403 3719 543 3773 Neminem
567 3721 645 3774 latere
666 3734 767 3793 potest,
793 3737 920 3793 quantum
941 3728 1035 3780 habeat
1051 3731 1176 3781 cautionis
1192 3729 1325 3799 ejusmodi

403 3804 562 3874 Scriptorum
581 3809 768 3860 testimonium.
804 3809 865 3872 sie,
891 3820 920 3861 ut
940 3828 1022 3862 unum
1037 3813 1070 3864 de
1085 3812 1174 3864 multis
1190 3813 1326 3877 adferam,

404 3901 544 3942 instamus
565 3890 625 3940 Lib.
648 3891 693 3941 IV.
715 3909 738 3941 e.
753 3892 788 3942 tu
809 3902 835 3942 et
849 3893 879 3944 li
903 3894 963 3944 citat
979 3909 1058 3946 nunu
1075 3895 1172 3946 librum
1187 3895 1217 3946 de
1232 3897 1292 3946 uita
1304 3909 1326 3947 s.

402 3987 556 4023 obeuntum.
592 3973 678 4024 Verba
693 3991 772 4037 vero,
797 3993 863 4043 quae
881 3977 1003 4041 adducit,
1029 3980 1058 4027 in
1073 3989 1164 4030 neutra
1178 3979 1258 4047 hujus
1273 3980 1326 4029 viri

400 4052 476 4117 Vita,
499 4073 514 4104 a
537 4071 600 4106 uuna
622 4058 781 4125 conscripta,
804 4057 944 4127 leguntur,
970 4071 995 4112 ut
1018 4063 1045 4110 in
1060 4079 1090 4113 ea
1105 4073 1222 4124 tautum,
1239 4079 1324 4130 quam

399 4153 541 4206 anonymus
561 4139 669 4206 quidam
687 4142 829 4193 monachus
844 4145 1072 4213 lindisfornensis
1086 4147 1169 4198 tribus
1181 4146 1280 4213 libris,
1297 4147 1326 4196 in

400 4223 476 4270 Actis
497 4223 655 4274 sauctorum
673 4225 704 4275 ad
723 4243 841 4279 mensem
860 4227 930 4281 llurt.
950 4229 1044 4296 edim,
1064 4233 1217 4301 composuit.
