2900 5278
775 479 794 540 2

282 684 410 744 eorum,
446 683 525 748 quae
549 657 588 723 de
613 679 645 722 se
668 659 736 746 ipse
764 656 895 722 tradidit
920 680 1021 740 nana,
1055 659 1227 750 praecipue
1251 685 1301 725 ra·

281 782 404 846 tionem
423 780 614 860 habeamus,
639 777 839 866 Scriptorum
861 801 938 842 vero
961 793 1034 867 post
1059 801 1132 842 eum
1148 781 1304 845 narratio·

285 921 340 962 nes
365 913 397 963 et
419 897 601 962 testimonia
621 897 771 987 colligere
798 912 926 960 etcum
949 897 1011 960 illis
1031 919 1237 986 comparare,
1262 897 1308 962 di·

213 1023 214 1026 ’
285 1017 493 1104 screpantias,
525 1015 580 1078 ubi
605 1014 673 1080 fieri
697 1029 822 1103 potest,
852 1013 980 1096 tollere,
1003 1029 1057 1077 aut
1084 1012 1161 1102 quid
1187 1013 1228 1079 de
1255 1015 1304 1078 his

282 1132 457 1197 tenendum
481 1134 612 1221 verique
635 1131 830 1196 simillimum
857 1131 913 1214 sit,
944 1130 1113 1196 ostendere
1137 1155 1302 1200 conemur.

328 1252 397 1315 Jam
425 1250 466 1316 de
486 1275 526 1316 eo
548 1250 740 1340 disputatum
760 1265 823 1333 est,
855 1271 994 1337 quanm
1015 1273 1055 1314 ex
1075 1251 1198 1340 populo
1221 1275 1305 1316 anna

284 1383 372 1432 ortus
395 1370 447 1435 sit.
495 1369 631 1433 Hscroa
654 1391 814 1433 sommus
834 1383 960 1432 narrat:
985 1368 1131 1432 «Italiam
1155 1392 1229 1432 eum
1249 1370 1308 1434 Al-

286 1486 377 1550 bione
407 1485 447 1551 de
480 1469 584 1550 uenas
613 1485 801 1551 incunabilis
833 1485 1048 1568 contendere,
1087 1485 1305 1551 adserentibus

283 1605 375 1671 Italis
402 1605 523 1694 ipstun,
554 1606 684 1670 Genaae
708 1621 833 1688 natum,
858 1605 904 1668 ibi
921 1603 1057 1692 denique
1076 1605 1222 1669 ultimam
1242 1606 1306 1670 sol·

284 1724 364 1787 visse
393 1739 524 1788 naturae
556 1724 797 1808 necessitatem,
831 1723 1073 1812 sepulcrumque
1102 1727 1167 1810 ejus
1197 1725 1231 1788 in
1259 1725 1308 1788 rei

284 1838 382 1905 fidem
405 1843 558 1906 hactenus
583 1840 695 1906 eadem
720 1842 755 1904 in
782 1841 910 1905 civitate
936 1841 1058 1904 cunctis
1081 1841 1194 1905 haberi
1215 1863 1309 1906 vene·

285 1960 420 2026 rabile.»
441 1959 543 2024 Addit
555 1976 677 2025 autem:
698 1958 928 2052 «undecunque
940 1959 1071 2024 traxerit
1083 1959 1257 2049 originem,
1274 1974 1308 2024 et

224 2059 225 2062 Ἴ
283 2077 466 2165 ubicunque
490 2094 634 2144 mortuus
655 2078 771 2160 fuerit,
796 2080 871 2142 satis
889 2094 996 2144 tamen
1017 2093 1163 2144 constare
1182 2101 1222 2144 ex
1240 2080 1307 2164 ejus

284 2211 317 2258 et
335 2194 470 2260 aliorum
491 2196 634 2285 scriptis,
660 2195 896 2270 adolescentem
915 2220 988 2262 eum
1005 2196 1040 2261 in
1058 2195 1173 2278 Italia,
1198 2217 1307 2262 senem

281 2311 317 2375 in
331 2312 579 2397 Nortbumbria,
603 2313 797 2401 frequentius
809 2315 894 2380 inter
903 2316 1033 2405 piorum
1043 2329 1170 2382 coetum
1187 2315 1309 2380 Metros

179 2489 181 2493 Α
283 2429 456 2519 (Abbatiae
486 2433 782 2520 monachorumque
812 2436 962 2499 coenobii
987 2433 1022 2497 id
1052 2459 1171 2499 nomen
1205 2434 1310 2499 estin

285 2549 446 2613 Scotorum
472 2573 565 2639 agro,
600 2550 737 2614 maxime
765 2551 826 2640 piis
854 2567 887 2616 et
911 2551 1060 2640 religioni
1089 2550 1211 2615 devotis
1233 2551 1310 2616 viris

285 2688 411 2755 semper
423 2666 565 2756 insignis)
583 2669 760 2752 habitasse,
784 2684 1004 2755 versatumque
1023 2668 1309 2758 esse»(1).Hanc

327 2877 368 2945 (1)
388 2877 449 2929 Vid.
466 2893 564 2930 utoroa
579 2895 701 2932 narratus
719 2880 892 2930 Daidonanns
906 2881 934 2929 in
952 2879 1091 2931 Scotorum
1105 2880 1177 2930 Ilist.
1193 2884 1312 2946 aprima

391 2965 478 3026 gentis
499 2965 617 3027 origine,
651 2963 706 3014 Par.
728 2964 806 3014 1574.
829 2963 888 3013 Lib.
910 2963 955 3014 lX.
978 2981 1037 3032 pag.
1058 2964 1118 3016 181.
1162 2963 1313 3015 limitentur

394 3061 499 3112 quoque
513 3046 545 3094 ab
558 3061 581 3096 J.
596 3061 700 3097 ωηο
715 3048 744 3095 in
755 3046 837 3097 Praei.
853 3047 885 3096 ad
904 3047 997 3114 Opnsc.
1013 3049 1100 3098 Bedae
1114 3047 1222 3098 Ilublin.
1230 3048 1311 3112 1664,

395 3142 509 3178 narrant
519 3129 726 3192 Volaterranos,
745 3131 830 3198 quiin
846 3132 985 3184 comment.
1000 3133 1167 3184 Urbanorum
1175 3132 1234 3182 Lib.
1243 3131 1314 3183 nt.

396 3210 544 3278 sepulerum
566 3228 645 3264 stols
671 3215 777 3264 Genaae
799 3215 827 3264 in
850 3215 935 3264 Italia
956 3216 1057 3266 ostendi
1079 3215 1171 3276 retem
1195 3225 1220 3264 et
1235 3213 1313 3282 longe

397 3303 455 3346 ante
478 3312 539 3346 eum
561 3311 683 3348 uotontus
705 3299 970 3363 Augustodunensis,
997 3300 1042 3364 qui
1064 3299 1123 3347 init.
1144 3296 1204 3347 Lib.
1217 3296 1264 3346 tt.
1285 3297 1315 3346 de

400 3382 553 3448 Scriptort'b.
562 3383 681 3445 Ecetra,
701 3398 784 3433 stou
797 3384 898 3432 Romae
911 3389 1042 3436 mortuum
1056 3389 1082 3428 et
1095 3378 1226 3447 sepultum
1239 3379 1313 3430 dicit.

395 3466 484 3514 uastat
510 3467 589 3514 etiam
617 3465 727 3514 narratio
753 3465 881 3531 qtraedam
901 3463 934 3514 de
956 3477 1020 3512 usos
1041 3463 1142 3511 Romae
1161 3461 1263 3530 sepulto
1286 3461 1314 3511 in

396 3547 503 3598 Basilica
523 3549 553 3598 V
550 3550 672 3611 atienae,
697 3547 730 3598 de
745 3565 797 3616 quo
812 3547 943 3599 Romanus
958 3545 1105 3598 canonicus
1118 3561 1139 3595 s.
1154 3559 1229 3595 reret
1244 3543 1314 3614 apud

313 3664 315 3670 ‚
395 3645 589 3682 ularttomutr:
609 3631 783 3697 «Requiesett
796 3635 874 3682 etiam
887 3637 947 3682 ante
958 3635 1064 3697 portam
1079 3633 1248 3693 argenteam,
1267 3629 1315 3678 snb

276 3775 281 3787 ἱ
396 3712 456 3764 rota
477 3717 573 3766 scilieet
581 3717 786 3784 porphyretica,
805 3722 837 3766 nt
852 3733 869 3765 a
883 3718 981 3767 nostris
996 3714 1140 3781 majoribus
1154 3714 1312 3778 accepimus,

291 3793 294 3802 ⁴
399 3797 561 3847 Venerabilis
581 3799 722 3866 Presbyter
741 3813 822 3861 aaut,
848 3802 896 3864 qai
912 3802 979 3866 feeit
1002 3799 1139 3847 homitias:
1165 3800 1190 3845 et
1210 3795 1241 3844 ob
1262 3795 1317 3860 ejus

294 3907 298 3917 ν
397 3885 566 3931 reverentiam
587 3885 692 3948 antiqui
713 3884 799 3931 nostri
815 3884 923 3946 penitus
945 3898 997 3931 non
1018 3880 1167 3930 transibant
1176 3895 1227 3944 per
1240 3893 1314 3939 eam,

396 3979 443 4014 nec
454 3980 501 4014 nos
516 3966 629 4014 transire
635 3965 827 4030 permittebant.
837 3983 852 4012 n
879 3963 946 4016 Sunt
960 3966 1044 4033 etqui
1063 3963 1316 4014 Seno-Germanam

398 4047 656 4112 eumtuissedioant,
668 4059 728 4098 utr.
738 4062 834 4100 arrosa
844 4059 868 4099 et
877 4063 1062 4110 taciturnus,
1077 4047 1314 4116 apudunaortun,

398 4131 473 4182 Tam.
488 4131 509 4182 I.
525 4133 626 4182 Raram
643 4133 862 4182 Germanicarum
877 4149 936 4200 pag.
949 4131 1008 4182 809.
1026 4128 1067 4182 Cf.
1081 4145 1154 4180 runa.
1164 4127 1234 4178 Bibl.
1244 4125 1314 4176 Mea.

396 4215 456 4264 Act.
476 4215 536 4265 Vol.
553 4215 574 4266 1.
593 4215 651 4266 Lib.
666 4215 699 4267 11.
718 4233 777 4283 pag.
795 4217 854 4269 495.
