2918 5284
791 469 834 532 66

300 653 386 718 nime
399 652 636 742 obtemperasse
648 648 795 716 ridcnurr
810 649 933 714 librarii
949 649 1008 739 (1).
1056 650 1150 718 Unde
1165 655 1327 741 sequitur,

300 794 454 861 perquam
477 769 609 835 difficile
624 767 714 836 diem
733 791 818 852 esse,
838 791 993 856 quaenam
1013 771 1137 860 abipso
1152 793 1236 838 nana
1253 796 1332 863 pro-

299 889 405 974 fecta,
430 912 586 978 quaenam
609 891 651 954 ab
674 888 742 954 aliis
765 886 909 954 desumta
932 889 1007 954 sint.
1437 873 1439 988 l

345 1010 385 1075 Ia
407 1009 617 1098 Erartgelium
640 1030 765 1091 numu,
791 1005 866 1073 libri
890 1007 948 1074 Vl.

346 1127 396 1192 De
425 1128 475 1192 his
504 1127 612 1210 libris,
645 1126 699 1214 qui
728 1125 839 1190 inserti
869 1142 945 1190 sunt
976 1125 1076 1214 Oper.
1108 1124 1195 1192 Edit.
1226 1127 1328 1194 Basil.

301 1245 397 1312 Tem.
427 1244 469 1313 V.
501 1268 536 1334 p.
566 1241 726 1332 175·515,
759 1242 877 1308 Colon.
906 1242 1002 1308 Tom.
1028 1242 1071 1310 V.
1098 1265 1132 1332 p.
1159 1241 1329 1328 ars-451,

302 1363 415 1430 eadem
439 1359 722 1428 animadvertenda
747 1376 836 1443 sunt,
859 1383 939 1448 quae
966 1359 1007 1425 de
1034 1360 1263 1427 Commentario
1290 1370 1330 1427 in

302 1503 443 1548 unacum
475 1480 666 1545 notavimus.
713 1476 884 1544 Praecedit
911 1493 1018 1544 autem
1047 1479 1191 1567 Epistola
1223 1501 1327 1546 nouas

303 1599 473 1687 Episcopi,
495 1599 529 1662 in
552 1619 615 1685 qua
637 1617 741 1660 uuaz
766 1593 864 1661 dubia
893 1596 1038 1662 moventi
1058 1596 1219 1681 occurrit,
1243 1621 1328 1664 eum·

303 1739 365 1805 que
378 1719 506 1782 strenue
517 1713 688 1800 admonet,
701 1729 737 1778 ut
748 1729 821 1803 post
830 1715 1075 1803 Expositiouem
1090 1715 1228 1780 Acutum
1243 1717 1331 1806 Apo·

303 1836 455 1900 stolorum
476 1834 511 1898 in
523 1855 635 1900 numu
652 1855 780 1922 quoque
795 1833 932 1916 scsihat3
955 1832 1112 1921 simfflque
1128 1818 1202 1900 eum
1218 1849 1329 1924 rogat,

303 1940 341 2018 ut
362 1975 433 2018 suas
453 1953 573 2018 Lirenas
596 1953 681 2018 libro
705 1951 909 2042 praemittat,
933 1974 952 2015 e
975 1949 1090 2038 quibus
1113 1973 1190 2018 vera
1213 1974 1326 2034 arua,

304 2072 350 2137 ob
386 2093 481 2159 quam
511 2093 591 2160 opus
624 2091 786 2161 aggressio
822 2069 885 2152 sit,
924 2069 1024 2134 cnivis
1062 2068 1180 2159 legenti
1205 2084 1325 2160 pateat.

304 2189 419 2276 Neque
440 2191 545 2272 enim,
571 2189 634 2272 ait,
653 2189 763 2254 amicis
780 2187 1009 2275 Fratribusque
1022 2209 1151 2254 morem
1171 2204 1329 2278 generat,

303 2322 340 2372 ut
359 2327 516 2372 suanosn
538 2306 758 2395 aliorumque,
782 2304 839 2393 qui
860 2303 902 2371 de
922 2327 1008 2370 anea
1027 2306 1232 2396 scripserant,
1260 2306 1330 2372 lau·

304 2422 379 2490 dem
403 2424 464 2489 sibi
489 2439 648 2507 sumeret,
682 2439 739 2488 aut
768 2423 807 2488 iis
834 2423 969 2492 meliora
995 2422 1037 2489 de
1065 2447 1123 2490 suo
1149 2425 1328 2514 proferret,
1438 2509 1439 2522 χ

304 2563 415 2607 verum
431 2557 481 2625 ut,
505 2563 585 2630 quae
607 2541 649 2606 ab
671 2540 741 2606 aliis
765 2542 1002 2608 aut-sublimius
1018 2559 1070 2608 aut
1090 2543 1265 2610 obscurius
1282 2565 1328 2610 es-
1438 2577 1439 2590 κ

303 2676 375 2726 sent
399 2659 502 2743 dcta,
525 2660 607 2724 haec
629 2660 817 2749 simpliciori
840 2661 924 2750 stylo
947 2677 1144 2752 proponeret
1167 2676 1201 2726 et
1226 2661 1331 2750 expli·

304 2792 405 2843 caret.
451 2777 597 2866 Denique
630 2800 714 2844 seca
747 2801 852 2844 amaa
878 2778 1049 2869 siguificat,
1087 2802 1162 2846 cum
1189 2779 1226 2844 in
1249 2801 1330 2844 non·

305 2895 466 2960 nullorum
492 2897 774 2986 reprehensionem
796 2898 962 2982 incidisse,
986 2895 1072 2985 quod
1092 2917 1212 2961 novam
1236 2896 1331 2983 Apo·

304 3014 469 3102 calypseos
494 3015 791 3104 interpretationem
817 3032 943 3082 secutus
965 3037 1032 3080 esse
1054 3010 1228 3078 rideretur.
1275 3010 1328 3078 Ad

304 3129 385 3194 haec
413 3151 498 3194 nana
521 3132 712 3199 amicissimo
730 3132 831 3200 modo
852 3131 1042 3224 respondet,
1066 3129 1173 3196 statim
1199 3128 1327 3220 diligen-

304 3262 371 3314 tem
401 3249 492 3338 operi
521 3273 651 3318 manum
674 3252 866 3336 admovens,
890 3253 945 3317 «in
968 3259 1052 3338 quo,
1076 3248 1196 3337 inquit,
1221 3263 1258 3312 ut
1283 3248 1327 3312 in-

303 3390 437 3434 numera
450 3371 645 3437 monasticae
660 3373 820 3437 servitutis
835 3367 1012 3454 retinacula
1025 3383 1241 3454 praeteream,
1259 3365 1326 3454 ipse

303 3487 384 3552 mihi
405 3484 546 3551 dictator
566 3487 676 3567 simul,
701 3485 862 3567 notarius,
887 3500 921 3549 et
941 3483 1089 3550 librarius
1112 3485 1246 3552 exstiti.-

351 3601 542 3666 Omillarum
564 3603 752 3692 Evangelii,
777 3602 853 3668 libri
873 3603 920 3668 ΙΙ.

349 3720 415 3784 Has
430 3720 586 3786 Homilias
605 3720 714 3788 laudat
735 3745 927 3788 nonrrscrus
942 3722 976 3788 in
993 3722 1135 3812 Epistola
1151 3720 1193 3786 ad
1207 3741 1325 3786 sem·

305 3863 392 3921 ruas,
416 3839 611 3928 Episcopum
628 3841 881 3925 Eboraeensem,
906 3865 999 3931 quem
1018 3859 1128 3933 rogat,
1149 3857 1186 3906 ut
1201 3841 1328 3906 mittere

292 4121 296 4130 ’
347 4130 390 4199 (1)
410 4127 453 4182 Cf.
475 4141 548 4181 arcu.
565 4141 641 4180 suos
658 4125 775 4176 Histoire
792 4127 910 4193 critique
927 4128 970 4178 des
981 4126 1142 4193 principata
1159 4125 1328 4178 Commemo-

410 4216 481 4262 teurs
495 4211 531 4262 du
545 4212 582 4263 N.
600 4211 632 4262 T.
646 4209 729 4278 Ghap.
744 4210 786 4264 24.
799 4227 859 4280 pag.
875 4211 935 4292 3¹40.
1233 4217 1235 4220 '
