2900 5278
779 473 822 534 30

289 653 350 720 Dei
367 654 501 735 cecinit,
521 650 610 740 et(1)
627 651 770 740 expansis
789 651 935 714 manibus
952 648 1024 716 Deo
1041 651 1115 716 vivo
1131 667 1165 716 et
1179 675 1256 720 vero
1263 654 1313 743 (2)

284 774 403 862 gratias
424 793 516 860 agere
537 793 604 834 non
620 769 772 836 cessabat.
807 768 896 833 Scito
913 783 1035 850 autem,
1061 769 1174 835 Frater
1191 772 1313 836 carissi·

286 913 358 971 me,
386 887 474 976 quod
496 889 596 954 multa
615 911 741 977 possem
763 911 892 952 narrare
917 887 958 953 de
982 911 1022 952 eo
1041 887 1106 976 (3),
1130 888 1187 954 sed
1209 891 1315 956 brevi·

286 1022 386 1070 tatem
402 1006 556 1071 sermonis
572 1005 745 1071 ineruditio
761 1005 889 1096 liuguae
904 1005 993 1072 facit.
1015 1007 1166 1072 Attamen
1181 1009 1311 1098 cogito,

285 1123 358 1188 Deo
375 1123 561 1210 adjuvante,
579 1148 619 1188 ex
634 1139 780 1212 ternpore
798 1124 921 1212 plenius
943 1123 984 1190 de
996 1147 1036 1190 eo
1052 1125 1211 1209 scribere,
1230 1149 1313 1214 quae

285 1243 388 1308 ooulis
402 1241 484 1324 vidi,
503 1259 536 1308 et
551 1244 680 1306 auribus
697 1240 822 1307 audiri·
838 1242 898 1332 (4).

330 1360 494 1426 Hactenus
509 1361 651 1425 narratio
668 1383 865 1430 orrannum.
898 1361 1043 1427 Tradunt
1058 1378 1163 1427 sutem
1177 1363 1316 1428 nonnul·

284 1479 324 1560 li,
346 1479 584 1562 suavissimum,
611 1479 706 1544 simul
736 1495 832 1566 atque
862 1479 1005 1545 animum
1031 1479 1179 1546 edidisset
1205 1503 1310 1564 unos,

283 1596 489 1660 subsecutum
505 1620 572 1662 esse
590 1595 743 1680 odorem,
765 1597 892 1684 qualem
914 1622 975 1664 neo
1002 1599 1149 1664 cinnama
1168 1597 1311 1664 necbsl·

285 1735 374 1778 sama
396 1715 532 1804 spirent,
554 1714 611 1781 sed
635 1715 725 1780 verni
752 1716 877 1781 soleant
899 1717 1044 1782 emittere
1071 1715 1186 1800 flores,
1207 1717 1252 1782 ita
1272 1732 1310 1782 ut

286 1854 417 1916 omnes,
438 1835 492 1920 qui
508 1833 670 1916 adessent,
695 1857 729 1900 se
746 1835 781 1898 in
798 1834 950 1900 Paradiso
966 1858 1033 1900 esse
1050 1850 1200 1924 putarent
1213 1832 1271 1924 (ὅ).

328 1949 436 2032 ,Valde
450 1950 536 2018 inter
554 1975 588 2017 se
610 1951 791 2041 discrepant
807 1953 987 2042 Scriptores
1003 1953 1044 2018 de
1060 1969 1208 2043 tempore
1224 1976 1311 2018 mor·

285 2065 326 2130 tis
351 2090 466 2133 sunm.
507 2068 588 2132 Sunt
610 2070 664 2157 qui
687 2073 729 2137 A.
759 2094 823 2158 729
850 2093 923 2136 eum
949 2072 1065 2136 obiisse
1094 2071 1222 2136 tradant
1240 2070 1308 2160 (6),

286 2167 374 2272 quod
397 2209 494 2272 quam
514 2186 749 2253 inconsiderate
771 2186 893 2253 dictum
911 2189 969 2270 sit,
992 2189 1179 2278 intelligitur
1194 2211 1310 2269 exeo,

287 2299 375 2388 quod
389 2323 424 2364 se
439 2302 615 2366 Historiam
631 2327 721 2369 suam
735 2307 776 2370 A.
788 2305 872 2392 731,
888 2305 1002 2371 duobis
1014 2307 1111 2396 igitur
1120 2309 1208 2372 annis
1220 2319 1310 2394 post,

284 2417 473 2501 absolvisse,
492 2418 560 2507 ipse
577 2441 662 2484 nnus
683 2417 807 2482 disertis
823 2423 928 2484 verbis
942 2438 1086 2487 testatur.
1112 2425 1208 2508 Cujus
1223 2421 1311 2487 testi-

285 2537 387 2599 monii
401 2559 575 2618 memores,
593 2537 647 2600 alii
660 2535 797 2601 eundem
811 2537 898 2600 lrurrc
915 2559 1032 2599 annum
1047 2558 1150 2600 nnnsrr
1162 2538 1312 2604 ultimum

286 2652 443 2719 duxerunt
463 2652 522 2742 (7).
568 2654 680 2742 Neque
696 2657 761 2719 hoc
782 2669 882 2720 recte.
929 2653 1083 2718 Novimus
1100 2654 1202 2737 enirn,
1223 2653 1314 2741 quod

294 2886 605 2897 ......-—-—-.-.......--

322 2997 366 3098 (1)
386 3029 434 3082 Pro
455 3030 584 3095 quaedam
604 3056 639 3066 -
661 3031 686 3078 et
710 3038 762 3076 stru.
789 3025 865 3108 Duun.
894 3025 972 3076 hehet
993 3027 1146 3092 spiritualia
1171 3028 1310 3095 quaedam.

390 3127 495 3172 muro.
512 3111 638 3177 quaedam
653 3111 743 3163 cecinit
761 3110 923 3177 spiritualia.
958 3111 1014 3174 Et,
1034 3128 1107 3178 seqq.

324 3196 368 3262 (2)
389 3197 457 3246 Vivo
472 3201 497 3247 et
510 3212 570 3247 vero
584 3195 656 3246 dee'st
669 3196 737 3264 apud
753 3210 809 3246 nir.

293 3343 297 3352 Ι
322 3279 366 3348 (3)
389 3280 461 3332 Scito
484 3285 571 3331 aulem
592 3280 675 3329 -de
696 3295 733 3332 eo.
769 3279 910 3331 Bisorrrs:
931 3280 1018 3330 «seire
1033 3291 1120 3330 sutem
1134 3279 1231 3344 debes,
1247 3282 1309 3350 quia

389 3365 473 3416 edlruo
487 3365 568 3416 multe
582 3365 677 3414 narrari
693 3373 718 3413 et
734 3363 809 3412 scribi
829 3370 935 3428 possent
951 3361 984 3412 de
998 3378 1062 3412 eo.»

323 3447 366 3514 (l)
388 3453 514 3498 Attamen
527 3474 562 3483 —
577 3445 676 3494 audiri.
695 3443 878 3492 Desiderantur
892 3441 956 3492 lineo
971 3445 1038 3512 apud
1054 3459 1106 3496 snt.
1122 3446 1198 3498 Duo.
1214 3459 1239 3498 et
1252 3462 1308 3498 ut.

320 3531 365 3597 (5)
387 3529 515 3580 Gotrrtu.
531 3527 668 3576 Malmrb.
689 3526 718 3578 de
736 3527 822 3576 Gestis
835 3527 902 3590 Reg.
918 3528 1002 3591 Angl.
1017 3527 1036 3578 l.
1051 3528 1071 3579 l.
1079 3548 1111 3597 p.
1126 3531 1170 3583 21.
1190 3529 1310 3582 Tsrrnr.

386 3611 494 3660 urus-de
511 3610 586 3660 Viris
600 3609 708 3660 illustr.
726 3605 786 3656 Lib.
801 3607 836 3658 11.
850 3625 874 3662 o.
891 3610 949 3660 155.
965 3627 994 3678 p.
1010 3610 1053 3660 91.

323 3691 368 3759 (6)
386 3708 412 3744 s.
435 3709 498 3744 orvs
524 3695 620 3761 Srript.
643 3693 718 3744 Eeel.
738 3693 812 3744 rint.
827 3693 980 3757 Liternus,
1005 3692 1088 3746 Onon.
1106 3694 1189 3759 1⁷40,
1211 3695 1271 3746 Vol.
1286 3692 1307 3743 1.

389 3795 416 3844 p.
439 3779 499 3836 613.
540 3777 671 3829 llinnrus
697 3789 785 3828 scotus
808 3780 836 3828 in
857 3779 958 3828 Annol.
1001 3777 1079 3846 lllsgis
1102 3778 1249 3828 mirnudum
1271 3786 1309 3827 est

389 3859 488 3923 luisse,
516 3863 562 3928 qui
582 3861 625 3912 vel
640 3877 708 3911 enno
728 3861 780 3910 700
794 3876 855 3910 eum
874 3871 1005 3912 mortuum
1023 3879 1078 3912 esse
1093 3861 1217 3914 dicerent.
1243 3861 1306 3912 vid.

389 3958 520 3996 sinorrrrr
531 3943 551 3994 l.
565 3944 585 3994 l.

320 4023 366 4094 (7)
386 4027 539 4081 llsrnsrrrs
555 4042 730 4091 courrieres,
756 4044 913 4093 rrrrmrrs,
930 4045 1080 4081 srsrsrsrrs
1098 4029 1307 4089 Gemblncensie,
1358 4093 1364 4098 ι

387 4110 441 4161 elii.
477 4111 538 4162 Vid.
561 4127 715 4166 susutrsstr
738 4113 844 4164 Observ.
861 4115 896 4164 sd
909 4131 962 4165 rem
977 4116 1045 4166 liter.
1065 4121 1143 4182 spect.
1159 4115 1233 4166 Tom.
1247 4111 1307 4164 llll.

388 4213 415 4260 p.
438 4195 487 4246 192
