2918 5284
629 471 688 536 lll

201 650 461 736 «Recordamini,
483 653 606 740 inquit,
631 674 728 740 quam
745 651 871 716 nobiles
888 651 1040 732 habuistis
1055 652 1180 739 Patres,

156 789 194 839 ct
219 795 286 836 non
319 773 386 837 sitis
417 769 511 838 tantis
540 770 803 861 progenitoribus·
831 769 1004 861 degeneres
1031 770 1108 838 lilii.
1124 822 1133 838 .
1148 820 1179 838 ..

155 891 354 960 Adsuescant
375 892 468 980 pueri
494 888 641 956 laudibus
665 889 945 978 adstaresuperni
969 891 1085 980 Regis,
1115 913 1183 956 non

155 1009 299 1098 vulpium
326 1007 439 1074 fodere
468 1027 634 1091 cavernas,
668 1031 735 1072 non
763 1007 911 1095 leporum
933 1008 1061 1098 fugaces
1093 1011 1182 1098 sequi

155 1149 344 1194 cursus....
377 1127 510 1192 Discant
530 1127 623 1216 pueri
645 1124 825 1215 Scripturas
848 1122 977 1208 Sacras,
1000 1141 1055 1208 ut,
1081 1143 1184 1194 aetate

154 1246 300 1334 perfecta
321 1247 499 1328 veniente„
513 1245 592 1310 alios
608 1243 726 1310 docere
742 1242 877 1332 possint.
925 1241 991 1324 Qui
1007 1267 1074 1310 non
1091 1235 1185 1311 discit

154 1361 201 1426 in
215 1363 386 1450 pueritia,
405 1385 471 1427 non
501 1359 600 1426 docet
624 1362 670 1425 in‹
683 1376 859 1428 senectute.
911 1362 1100 1452 Recogitate
1125 1387 1184 1430 no·

154 1477 344 1560 bilissimum
371 1479 472 1544 nostri
499 1479 654 1568 temporis
681 1479 885 1574 magistrum,
915 1502 1025 1547 sunan
1051 1481 1186 1572 Presby-

154 1611 280 1680 terum,
315 1597 411 1685 quale
443 1597 556 1664 habuit
575 1597 623 1662 ,in
653 1599 824 1682 juventute
853 1595 1010 1663 disoendi.
1026 1598 1197 1684 studium,

156 1727 261 1803 quum
281 1736 369 1778 nunc
390 1714 497 1778 haheta
511 1714 596 1780 iuter
620 1715 766 1780 homines
787 1713 931 1783 laudem:
960 1716 1062 1782 multo
1083 1721 1186 1806 majo-

155 1811 227 1906 rem
247 1830 344 1922 apud
375 1831 777 1915 rememoramus
804 1833 957 1922 glorian..
985 1834 1100 1914 „Illius
1122 1837 1186 1927 igi·

155 1964 216 2013 tur·
245 1950 407 2039 exemplo·
429 1949 635 2016 dormientes·
661 1951 806 2039 excitate*
837 1953 971 2019 animos.
1027 1954 1186 2047 Magistris

156 2063 334 2150 adsidete,
357 2068 478 2157 aperite
505 2068 622 2152 libros,
655 2069 827 2163 perspicite
855 2070 984 2155 literas,
1018 2072 1186 2165 intelligite

155 2159 277 2254 sensus..
287 2184 430 2269 illamam
456 2203 545 2253 utet
566 2204 699 2253 vosmet
711 2189 797 2277 ipsos
814 2212 965 2279 pascere,
975 2249 980 2258 ,
990 2208 1023 2257 et
1033 2194 1109 2259 aliis
1123 2197 1186 2284 spi·
1212 2191 1220 2214 ⁸

156 2301 260 2368 ritalis
276 2303 362 2369 vitae
377 2305 533 2394 praebere
549 2307 679 2370 valeatis
696 2303 810 2372 decus»
823 2306 842 2394 (
863 2307 889 2395 ).

203 2405 611 2514 sequestrasssapaea
633 2423 784 2502 aarum,
808 2425 885 2509 qua
910 2425 1048 2510 plurima
1069 2426 1189 2494 aeaut

158 2559 265 2604 sunau
289 2563 364 2630 erga
388 2563 478 2603 suam
506 2555 643 2603 aetatem
670 2540 794 2604 merita.
848 2540 1023 2632 Discipuli,
1057 2569 1097 2610 ex
1122 2550 1187 2635 ejus

156 2657 270 2730 schola
291 2656 447 2747 profecti,
469 2657 670 2724 habebantur
692 2657 1027 2749 optimimaximaque
1040 2662 1187 2736 frueban-

154 2789 212 2840 tur
229 2775 421 2846 auctoritate
438 2772 497 2862 (a).
546 2775 620 2860 Ejus
643 2775 760 2864 scripta
776 2776 808 2839 in
827 2799 938 2842 omnes
953 2794 1053 2843 terras
1065 2804 1187 2870 propa·
1205 2785 1207 2790 ’

156 2907 234 2984 gata
260 2907 349 2975 sunt,
382 2907 455 2957 eta
482 2889 672 2956 doctissimis
697 2909 730 2957 et
753 2893 967 2980 illustrissimis
985 2897 1019 2960 in
1041 2898 1185 2965 Ecclesia

156 3011 237 3078 viris
262 3032 377 3078 norma
397 3025 430 3074 et
446 3009 558 3099 regula
569 3009 733 3079 ,credendi
746 3010 950 3100 docendique
966 3015 1187 3081 existunaban·

158 3143 224 3194 tur.
282 3129 341 3192 Er
354 3149 542 3210 norrrncn,
579 3128 808 3194 Gennanorum
836 3131 1004 3218 Apostoli,
1038 3134 1188 3223 Epistolis

159 3249 449 3336 novimus„quam
471 3269 564 3337 aegre
584 3245 645 3326 ille
659 3247 693 3313 in
713 3243 836 3326 difficili
858 3247 987 3332 labore,
1009 3273 1109 3337 ¹quem
1124 3274 1187 3317 sus·
1213 3262 1216 3267 '

209 3631 253 3701 (ll
276 3631 389 3684 Atrum
405 3629 487 3701 Opera
503 3632 561 3684 Lut.
578 3633 635 3684 Par.
649 3635 726 3685 161⁷.
746 3635 829 3704 Epist.
845 3637 896 3700 ta,
917 3637 948 3686 ad
963 3636 1061 3690 Fratres
1077 3639 1119 3689 W
1116 3642 1190 3691 iren·

270 3717 308 3765 sir
332 3723 359 3766 st
385 3715 531 3766 Girvt'ensis
555 3716 697 3781 ecclesiae,
723 3735 751 3786 p.
775 3719 854 3770 1565.
897 3719 959 3770 tid.
982 3723 1060 3772 etiam
1084 3739 1189 3776 marm.

269 3796 371 3848 Arnai.
393 3795 469 3849 Tam.
490 3796 524 3850 11.
544 3815 572 3867 p.
591 3799 661 3863 ³10,
686 3799 731 3850 η’).
752 3798 861 3851 xxttss
882 3801 914 3852 ad
932 3819 1030 3854 annum
1044 3802 1106 3858 ⁷93.
1142 3805 1188 3856 Est

270 3891 357 3932 autem
371 3877 436 3930 haec
451 3879 584 3950 Epistola,
604 3899 683 3950 quam
697 3885 897 3936 memoravimus
913 3905 941 3956 p.
959 3887 1002 3939 21.

209 3964 253 4032 (2⁴)
272 3963 316 4016 sto
337 3964 366 4013 in
391 3963 524 4014 chronicis
545 3967 678 4033 metropol.
705 3967 879 4031 Arelatensis,
899 3969 982 4019 citatis
999 3986 1013 4018 a
1029 3983 1143 4022 unourort
1159 3972 1188 4021 in
1289 3987 1290 3990 ¹

277 4047 426 4112 Gltrortt'eis,
441 4063 566 4100 astutum
580 4048 674 4101 dicitur
686 4051 715 4100 in
730 4049 852 4103 omnibus
866 4051 1004 4121 scripturis
1018 4054 1187 4118 exercitatus,

271 4141 300 4182 ut
320 4131 462 4204 discipulus
485 4149 574 4186 ntntr.
611 4133 693 4210 Apud·
711 4135 804 4204 script.
825 4134 858 4186 X'.
880 4135 938 4186 col.‘
952 4135 1013 4191 817.
1048 4135 1186 4190 Attum!

268 4225 355 4268 tumen
376 4233 454 4271 rsnts
469 4219 632 4288 discipulum
650 4237 704 4272 uon
719 4219 798 4272 luisse
817 4218 981 4288 probavimus
997 4239 1023 4289 p.
1040 4222 1074 4274 ts
1089 4231 1142 4272 not.
1158 4221 1183 4272 2.
