2900 5278
646 495 666 559 3

133 680 342 762 sententiam,
381 679 523 767 quamvis
553 701 593 742 ex
622 699 726 740 arnan
758 691 845 740 certe
875 680 999 768 scriptis
1027 677 1160 768 probari

137 803 264 889 nequit,
288 823 327 864 ex
347 813 440 886 parte
461 819 552 862 suam
574 795 653 860 fecit
677 817 897 879 remesarius,
923 821 1056 887 eumque
1078 803 1162 865 inter

136 921 221 985 viros
249 918 364 984 doctos
396 919 522 982 Scotiae
551 917 725 998 recensuit,
759 917 876 1004 quippe
912 941 1007 1004 quem
1031 921 1163 1008 putabat

138 1039 222 1102 vitae
242 1054 369 1127 partem
386 1036 434 1100 ibi
455 1033 576 1123 degisse
592 1033 651 1122 (1).
700 1032 764 1097 Sed
786 1036 871 1098 hunc
894 1035 1096 1100 manifestum
1118 1061 1164 1101 er·

139 1161 249 1223 rorem
265 1177 347 1236 esse,
372 1154 439 1242 ipsa
454 1175 557 1215 aaran
571 1153 690 1240 scripta
705 1153 873 1241 perspicue
890 1151 1019 1217 docent.
1059 1153 1164 1242 Origi-

140 1297 215 1339 nem
241 1289 345 1340 autem
368 1270 442 1336 inde
469 1271 592 1336 duxisse
616 1270 759 1355 videtur,
786 1271 873 1360 quod
897 1274 982 1337 Scoti
1002 1274 1036 1336 in
1059 1297 1163 1338 nuber

138 1391 227 1455 libris
246 1391 429 1478 frequenter
453 1389 699 1478 memorantur(
721 1391 748 1479 ).

183 1508 281 1590 Quod
300 1532 400 1597 porro
423 1509 458 1574 in
477 1505 745 1597 disceptationem
769 1523 918 1572 vocatum
939 1523 1005 1592 est,
1027 1509 1165 1572 fueritne

138 1649 224 1691 anne
245 1626 347 1690 Italus
369 1647 409 1689 an
432 1626 575 1712 Anglus,
598 1624 692 1688 facile
713 1623 863 1690 dirimere
887 1648 980 1715 posse
1001 1626 1093 1690 nobis
1118 1627 1165 1690 vi-

137 1743 264 1809 demur.
312 1739 514 1806 Probabilius
534 1740 665 1828 quidem
684 1758 750 1825 est,
775 1742 864 1830 quod
885 1743 964 1808 alios
986 1759 1112 1809 secutus
1131 1745 1166 1808 in

140 1861 282 1928 medium
313 1861 407 1926 affert
434 1883 655 1944 naursrnnns,
689 1860 769 1926 duos
795 1860 937 1948 ejusdem
964 1863 1110 1927 'nominis
1135 1878 1167 1927 et

138 1981 251 2044 aetatis
267 1979 362 2043 fuisse
383 2001 499 2061 ernas,
524 1979 659 2043 alterum
680 1981 889 2065 Britannum,
915 1980 1050 2045 alterum
1071 1981 1169 2068 Ligu-

140 2121 227 2180 rem,
254 2121 450 2188 quosquam
470 2096 589 2162 eodem
609 2094 651 2162 de
673 2113 859 2186 argumento
883 2098 1095 2187 scripsissent,
1121 2121 1169 2162 re-

172 2323 217 2392 (1)
237 2323 346 2375 «Bam
359 2325 407 2374 etsi
428 2339 521 2374 omnes
535 2323 656 2386 Aegium
670 2321 782 2384 iaciunt,
801 2322 901 2390 reperio
915 2331 1020 2384 tamen,
1037 2337 1099 2372 eum
1112 2339 1161 2374 neo

243 2407 364 2469 Anglum
391 2405 486 2468 domo,
512 2422 559 2456 nec
585 2405 708 2467 Scotum,
736 2404 780 2455 sed
802 2406 832 2455 in
864 2405 953 2456 Scoiia
978 2406 1025 2456 diu
1048 2407 1162 2472 vixisse,

244 2491 273 2539 in
295 2490 397 2553 Anglia
411 2488 483 2538 diem
498 2505 647 2556 supremum
660 2487 792 2539 obiisse.»
827 2505 851 2541 r.
866 2505 992 2540 nrrrsrrn
1008 2489 1080 2540 Just.
1090 2491 1163 2542 Eccl.

241 2577 329 2638 gentis
355 2573 509 2637 Scotorum,
533 2573 630 2623 Edinb.
652 2573 732 2624 1829.
759 2571 835 2622 Tam.
857 2572 879 2624 1.
902 2571 961 2623 Lib.
983 2573 1018 2624 Π.
1039 2591 1099 2643 pag.
1120 2577 1163 2626 69.

244 2657 311 2708 Sunt
331 2665 357 2704 et
376 2655 439 2717 alii,
467 2671 532 2722 quos
547 2656 616 2706 inter
630 2653 746 2704 celebres
760 2656 845 2724 gentis
860 2673 920 2706 suae
935 2657 1003 2708 viros
1017 2657 1082 2708 falso
1095 2677 1166 2712 enu-

247 2747 346 2800 merat,
365 2748 393 2788 ut
407 2751 534 2800 enarras,
554 2747 580 2787 et
594 2751 716 2788 reatinus
730 2737 805 2806 Papa.
841 2726 924 2808 Lege,
939 2739 960 2790 si
972 2739 1166 2808 placet‚dehoe

249 2820 376 2887 Scriptore
388 2817 520 2886 judicium
536 2834 691 2872 naoutnusu
707 2821 743 2872 ad
757 2823 855 2874 Tibull.
870 2823 958 2875 tibi.
967 2823 1042 2892 Eleg.
1051 2827 1077 2876 7
1085 2827 1165 2888 ute,

189 2946 193 2954 .
244 2911 272 2951 et
286 2915 416 2951 annueret
439 2900 551 2952 &cundi
564 2919 624 2970 pag.
639 2903 683 2956 11.
700 2903 783 2956 Praei.
799 2909 827 2955 in
845 2907 1029 2956 claudianam.

178 2984 222 3052 (2)
242 2983 421 3034 Vehementer
450 2985 478 3032 in
501 2999 632 3036 rorrrrnrr
655 2986 788 3038 invehitur
809 3005 831 3040 J.
854 3005 978 3040 rrnrroas
1007 2991 1036 3039 in
1068 2991 1165 3042 Comm.

248 3069 277 3119 de
303 3067 397 3133 Script.
421 3068 494 3119 Brit.
518 3066 602 3120 oxon.
624 3070 701 3120 1709.
719 3069 783 3140 Cap.
800 3073 843 3124 87.
869 3090 928 3141 pag.
938 3074 1003 3124 118.
1039 3073 1166 3126 «Heoron

248 3164 370 3200 norrurns
394 3149 505 3211 Seciae,
532 3151 632 3216 inquit,
660 3155 796 3219 omnium,
817 3157 863 3224 qui
885 3175 1012 3225 umquam
1031 3157 1166 3209 historiam

247 3234 421 3302 scripserunt,
454 3232 536 3300 longe
567 3236 740 3300 vanissimus,
773 3249 826 3288 tam
848 3240 943 3304 stulte,
975 3251 1029 3290 tam
1058 3243 1165 3310 inepte,

247 3325 299 3366 tarn
319 3313 424 3364 aniliter
438 3313 470 3364 de
488 3329 551 3364 eres
563 3315 713 3381 fabulatur,
732 3330 761 3369 ut
775 3322 856 3372 risum
874 3323 942 3373 mihi
956 3335 1058 3374 moveat
1071 3326 1165 3387 simul,

143 3405 146 3412 '
247 3407 275 3448 et
297 3396 488 3448 stomachum.»
510 3425 545 3436 -
564 3397 689 3450 Getemm
711 3415 859 3467 eoerrrurr,
885 3421 946 3454 cum
967 3405 1064 3456 diceret
1085 3421 1171 3461 ernau

246 3479 397 3549 frequenter
410 3482 439 3530 in
457 3483 612 3532 monastario
628 3483 783 3534 Meirosenei
795 3483 940 3550 habitasse,
959 3486 1096 3556 deceptum
1111 3505 1168 3540 esse

143 3588 148 3596 ν
245 3574 308 3631 puto
329 3565 425 3614 cursim
444 3563 565 3632 legendis
586 3566 637 3629 iis,
665 3583 730 3634 quae
752 3569 1036 3635 perimendorum,
1055 3591 1081 3622 v.
1096 3590 1122 3640 g.
1138 3574 1167 3622 in

247 3647 299 3696 rita
321 3661 464 3697 ourrrrrrr
487 3646 551 3716 Gap.
571 3649 606 3698 16
621 3658 648 3699 et
661 3645 696 3697 22
710 3651 739 3699 in
754 3649 818 3702 fine.
855 3651 931 3704 Certe
946 3653 1016 3704 baud
1031 3655 1166 3706 insolitum

184 3783 186 3787 ,
245 3741 300 3781 erat
318 3747 351 3782 eo
373 3741 507 3800 tempore,
532 3741 561 3782 ut
582 3733 610 3781 in
630 3732 718 3783 Scoiia
735 3744 790 3784 tum
806 3735 927 3805 Episcopi
942 3747 969 3787 et
982 3739 1119 3802 monachi,
1138 3750 1168 3791 ut

249 3814 303 3881 ipse
319 3828 497 3877 ourrrrnrus,
521 3824 576 3867 tum
594 3833 669 3884 reges
684 3816 781 3885 aliique
797 3819 974 3872 educarentur.
1010 3823 1071 3875 vid.
1088 3825 1167 3874 etiam

248 3895 348 3949 aurire.
371 3899 507 3950 malmesb.
529 3901 557 3950 in
583 3902 646 3952 Call.
674 3901 771 3970 Serapi.
791 3910 853 3972 post
873 3905 938 3956 Bed.
956 3905 1166 3959 Francof.1601.

248 3979 307 4030 Lib.
329 3981 351 4032 Ι.
374 3980 439 4049 Cap.
463 3983 489 4032 3.
513 4002 572 4053 pag.
594 3987 638 4037 18.
654 3986 763 4040 in‘fine.
799 3989 890 4056 Quid?
908 3991 1048 4058 quodipsa
1067 3993 1169 4042 Scotiae
1263 4027 1265 4031 -

247 4066 320 4132 regio
339 4065 518 4117 meridionalis
532 4085 590 4136 pars
606 4080 660 4120 erat
676 4072 916 4123 Nerthumbrorum
930 4075 1026 4142 regni?
1052 4092 1129 4141 quare
1145 4085 1172 4126 et

250 4163 388 4200 correnum
412 4152 652 4204 Malmesburiensis
679 4165 705 4205 et
726 4170 864 4208 curramus
887 4155 1170 4210 Westmonasteriearis

244 4247 306 4282 eum
322 4249 401 4302 prope
419 4234 533 4286 Scotiam
548 4247 637 4288 natum
653 4255 709 4290 esse
725 4237 829 4292 dicunt.

963 4338 1003 4401 ι*
