2900 5278
256 501 283 546 11

255 708 295 772 lm
317 707 444 788 cksunt,
466 704 579 795 quibus
600 711 774 785 enuntiem,
797 725 891 792 quam
916 725 1040 768 suarem
1060 725 1186 769 sensum
1207 711 1274 770 ani-

253 879 303 920 mo
323 859 536 943 perceperim,
566 874 661 940 quum
688 851 734 914 ad
759 851 938 915 veneranda
959 852 1015 914 illa
1036 851 1148 916 limina
1171 853 1274 917 denuo

251 999 401 1068 accedere
418 999 497 1064 milii
512 998 637 1080 liceret,
663 998 717 1061 ubi
725 1021 788 1086 per
803 1007 991 1062 sexennium
997 1000 1075 1087 fise
1090 1008 1222 1087 optimos
1239 1009 1273 1065 in

252 1162 362 1215 nostra
376 1146 545 1234 disciplina
561 1152 730 1234 magistros
746 1146 858 1210 audire
881 1160 912 1210 et
926 1156 1092 1212 conuenire
1108 1148 1188 1212 miii
1203 1172 1275 1213 eon·

253 1303 386 1384 tigicset.
434 1296 515 1376 Stet,
533 1317 667 1382 precor,
695 1295 773 1359 loeo
792 1295 878 1358 olma
896 1295 1073 1377 doctrinae,
1098 1296 1276 1384 elegantiae

252 1456 285 1508 et
299 1443 507 1508 humanitatis
522 1442 613 1506 sedes
627 1442 682 1506 diu
699 1443 882 1525 incolumis,
901 1451 1004 1532 sitque
1010 1457 1179 1532 perpetuo,
1192 1443 1279 1533 quod

253 1588 466 1679 sempersuit,
489 1589 622 1653 Patriae
638 1589 710 1668 luc,
731 1590 856 1677 glinia,
880 1590 995 1655 clecus!

300 1737 404 1825 Quum
425 1734 465 1799 de
487 1758 570 1800 nens
591 1735 775 1802 Venerabili
795 1736 933 1802 scribere
950 1745 1192 1820 constitueram,
1217 1737 1276 1802 lioe

253 1893 299 1950 ito
317 1885 474 1972 perficere
501 1890 665 1956 inanimo
691 1882 861 1963 habebam,
891 1898 941 1966 ut,
966 1897 1045 1972 post
1067 1891 1162 1949 vitam
1183 1883 1276 1971 liujus

254 2037 313 2095 viri
339 2030 473 2095 breviter
495 2043 695 2111 enarratam,
720 2037 892 2118 praecipue
918 2030 957 2092 de
980 2035 1049 2118 ejus
1074 2030 1220 2093 doctrina
1248 2042 1281 2094 et

254 2183 375 2241 rneritis
391 2189 424 2240 et
438 2177 630 2265 efficacitate
646 2185 679 2240 in
691 2201 782 2242 suam
794 2190 928 2242 aetatem
945 2202 1083 2266 agerem.
1099 2180 1173 2245 Non
1187 2179 1279 2266 longe

257 2337 361 2388 tomen
382 2345 619 2412 processeram,
654 2347 749 2413 quum
774 2332 854 2390 satis
876 2325 1078 2414 manifestum
1096 2326 1174 2389 milii
1190 2339 1277 2408 erat,

256 2477 411 2540 rationem
424 2491 561 2558 prorsus
581 2471 680 2536 aliam
701 2471 872 2536 ineundam
888 2493 968 2538 esse.
997 2472 1158 2540 Nimirum
1172 2468 1279 2537 variae

257 2617 462 2708 dyficultetes
482 2618 561 2682 milii
581 2617 691 2684 obuiae
712 2631 820 2700 erant,
845 2617 1137 2706 quas'amarcndat
1155 2631 1223 2686 esse
1239 2625 1281 2684 oi·

257 2767 385 2850 dabam,
394 2773 584 2855 priusquam
598 2778 663 2833 tuto
672 2764 828 2853 progredi
836 2787 977 2851 possem.
1006 2766 1281 2852 Tantoporeenim

259 2939 328 2996 eos,
352 2922 407 3004 qui
429 2913 467 2978 de
493 2917 598 2978 sensu
624 2921 688 2978 uita
708 2919 917 2998 serpserunt,
943 2918 1027 2984 inter
1045 2933 1080 2974 se
1101 2909 1281 2998 discrepem

260 3067 363 3149 reperi
368 3105 377 3142 ,
394 3073 444 3139 ut,
467 3058 512 3122 acl
524 3081 595 3122 eam
613 3056 690 3122 bene
704 3070 738 3122 et
751 3071 899 3122 accurate
911 3056 1147 3146 exponendam,
1166 3059 1282 3143 majori

260 3209 427 3297 diligentia
450 3220 484 3271 et
508 3207 645 3294 longiori
665 3207 885 3295 disquisitione
903 3203 1003 3294 'apae
1017 3228 1088 3271 esse
1113 3205 1280 3273 videretum

258 3358 480 3443 interecepto
495 3377 631 3442 quoque,
656 3377 738 3442 quae
755 3353 846 3442 vulgo
868 3375 939 3416 eum
956 3364 1117 3417 auctorem
1132 3351 1282 3442 labaim

254 3515 413 3591 putantur
432 3504 561 3590 ejusque
582 3508 708 3566 nomine
731 3499 842 3566 crebro
864 3497 950 3564 edita
973 3509 1077 3578 sunt,·
1092 3496 1284 3565 multu-esee

263 3647 471 3737 deprehendi,
496 3671 577 3736 quae
594 3649 644 3713 uel
655 3659 818 3736 suspectae
834 3643 1007 3731 sintfidei,
1031 3644 1081 3711 uel
1093 3651 1221 3730 omuino
1239 3657 1284 3710 ie·

264 3819 349 3862 mere
365 3802 396 3860 ei
411 3794 629 3884 adfinguntur.
665 3796 722 3860 Ee
741 3799 949 3879 incomposita
965 3815 1037 3859 uero
1053 3790 1284 3860 istaitbmrsrn

253 3943 445 4030 farragine,
470 3966 552 4032 quae
569 3963 671 4006 nense
689 3947 815 4003 nomine
832 3939 1037 4028 undecunque
1053 3953 1203 4028 congestu
1217 3953 1281 4020 est,

263 4100 295 4156 si
310 4095 378 4178 ejus
393 4093 569 4158 doctrinam
585 4105 617 4154 et
632 4095 743 4153 merita
759 4089 905 4176 colligere
922 4090 1067 4170 salientis,
1087 4096 1283 4176 iniquissime
