<?xml version="1.0" encoding="UTF-8"?>
<!DOCTYPE html PUBLIC "-//W3C//DTD XHTML 1.0 Transitional//EN"
    "http://www.w3.org/TR/xhtml1/DTD/xhtml1-transitional.dtd">
<html xmlns="http://www.w3.org/1999/xhtml" xml:lang="en" lang="en">
 <head>
  <title>
</title>
<meta http-equiv="Content-Type" content="text/html;charset=utf-8" />
  <meta name='ocr-system' content='tesseract 3.04.00' />
  <meta name='ocr-capabilities' content='ocr_page ocr_carea ocr_par ocr_line ocrx_word'/>
</head>
<body>
  <div class='ocr_page' id='page_1' title='image "./disputatiohisto00gehlgoog_0065.png"; bbox 0 0 2918 5284; ppageno 0'>
   <div class='ocr_carea' id='block_1_1' title="bbox 657 479 698 540">
    <p class='ocr_par' dir='ltr' id='par_1_1' title="bbox 657 479 698 540">
     <span class='ocr_line' id='line_1_1' title="bbox 657 479 698 540; baseline -0.024 0"><span class='ocrx_word' id='word_1_1' title='bbox 657 479 698 540; x_wconf 83' lang='lat' dir='ltr'><strong>ta</strong></span> 
     </span>
    </p>
   </div>
   <div class='ocr_carea' id='block_1_2' title="bbox 153 653 1186 2040">
    <p class='ocr_par' dir='ltr' id='par_1_2' title="bbox 153 653 1186 2040">
     <span class='ocr_line' id='line_1_2' title="bbox 155 653 1185 746; baseline 0.004 -24"><span class='ocrx_word' id='word_1_2' title='bbox 155 671 264 722; x_wconf 84' lang='lat' dir='ltr'><strong>autem</strong></span> <span class='ocrx_word' id='word_1_3' title='bbox 287 654 362 744; x_wconf 84' lang='lat' dir='ltr'><strong>ipsis</strong></span> <span class='ocrx_word' id='word_1_4' title='bbox 381 653 513 718; x_wconf 88' lang='lat' dir='ltr'><strong>Patrum</strong></span> <span class='ocrx_word' id='word_1_5' title='bbox 537 655 661 738; x_wconf 76' lang='lat' dir='ltr'><strong>vodda,</strong></span> <span class='ocrx_word' id='word_1_6' title='bbox 685 677 791 739; x_wconf 83' lang='lat' dir='ltr'><strong>nunc,</strong></span> <span class='ocrx_word' id='word_1_7' title='bbox 822 657 1002 746; x_wconf 83' lang='lat' dir='ltr'><strong>etquidem</strong></span> <span class='ocrx_word' id='word_1_8' title='bbox 1021 659 1185 727; x_wconf 76' lang='lat' dir='ltr'><strong>brevitatis</strong></span> 
     </span>
     <span class='ocr_line' id='line_1_3' title="bbox 155 771 1186 867; baseline 0.002 -27"><span class='ocrx_word' id='word_1_9' title='bbox 155 797 268 855; x_wconf 85' lang='lat' dir='ltr'><strong>causa,</strong></span> <span class='ocrx_word' id='word_1_10' title='bbox 282 773 345 837; x_wconf 85' lang='lat' dir='ltr'><strong>suis</strong></span> <span class='ocrx_word' id='word_1_11' title='bbox 357 794 432 836; x_wconf 81' lang='lat' dir='ltr'><strong>usus</strong></span> <span class='ocrx_word' id='word_1_12' title='bbox 443 786 501 836; x_wconf 86' lang='lat' dir='ltr'><strong>est.</strong></span> <span class='ocrx_word' id='word_1_13' title='bbox 518 771 678 857; x_wconf 86' lang='lat' dir='ltr'><strong>Primum,</strong></span> <span class='ocrx_word' id='word_1_14' title='bbox 687 787 724 837; x_wconf 90' lang='lat' dir='ltr'><strong>ut</strong></span> <span class='ocrx_word' id='word_1_15' title='bbox 732 774 801 862; x_wconf 87' lang='lat' dir='ltr'><strong>ipsa</strong></span> <span class='ocrx_word' id='word_1_16' title='bbox 810 773 909 846; x_wconf 86' lang='lat' dir='ltr'><strong>docet</strong></span> <span class='ocrx_word' id='word_1_17' title='bbox 918 775 1090 860; x_wconf 83' lang='lat' dir='ltr'><strong>Praelatio,</strong></span> <span class='ocrx_word' id='word_1_18' title='bbox 1104 800 1186 867; x_wconf 76' lang='lat' dir='ltr'><strong>opus</strong></span> 
     </span>
     <span class='ocr_line' id='line_1_4' title="bbox 155 881 1183 979; baseline 0.007 -24"><span class='ocrx_word' id='word_1_19' title='bbox 155 889 319 979; x_wconf 78' lang='lat' dir='ltr'><strong>usquead</strong></span> <span class='ocrx_word' id='word_1_20' title='bbox 342 889 507 979; x_wconf 84' lang='lat' dir='ltr'><strong>expulsum</strong></span> <span class='ocrx_word' id='word_1_21' title='bbox 531 913 550 953; x_wconf 85' lang='lat' dir='ltr'><strong>e</strong></span> <span class='ocrx_word' id='word_1_22' title='bbox 572 888 725 954; x_wconf 73' lang='lat' dir='ltr'><strong>Pamffiso</strong></span> <span class='ocrx_word' id='word_1_23' title='bbox 750 881 909 973; x_wconf 74' lang='lat' dir='ltr'><strong>ananau,</strong></span> <span class='ocrx_word' id='word_1_24' title='bbox 933 895 956 960; x_wconf 87' lang='lat' dir='ltr'><strong>i.</strong></span> <span class='ocrx_word' id='word_1_25' title='bbox 977 887 1006 961; x_wconf 73' lang='lat' dir='ltr'><strong>a.</strong></span> <span class='ocrx_word' id='word_1_26' title='bbox 1030 895 1183 961; x_wconf 82' lang='lat' dir='ltr'><strong>adfinem</strong></span> 
     </span>
     <span class='ocr_line' id='line_1_5' title="bbox 156 1005 1185 1097; baseline 0.008 -25"><span class='ocrx_word' id='word_1_27' title='bbox 156 1009 271 1097; x_wconf 82' lang='lat' dir='ltr'><strong>capitis</strong></span> <span class='ocrx_word' id='word_1_28' title='bbox 293 1009 382 1072; x_wconf 87' lang='lat' dir='ltr'><strong>tertii</strong></span> <span class='ocrx_word' id='word_1_29' title='bbox 407 1007 568 1072; x_wconf 83' lang='lat' dir='ltr'><strong>Geneseos</strong></span> <span class='ocrx_word' id='word_1_30' title='bbox 590 1005 754 1097; x_wconf 80' lang='lat' dir='ltr'><strong>perduxit,</strong></span> <span class='ocrx_word' id='word_1_31' title='bbox 773 1031 863 1096; x_wconf 82' lang='lat' dir='ltr'><strong>spem</strong></span> <span class='ocrx_word' id='word_1_32' title='bbox 887 1011 1007 1074; x_wconf 82' lang='lat' dir='ltr'><strong>faciens</strong></span> <span class='ocrx_word' id='word_1_33' title='bbox 1032 1013 1121 1096; x_wconf 83' lang='lat' dir='ltr'><strong>fore,</strong></span> <span class='ocrx_word' id='word_1_34' title='bbox 1148 1030 1185 1080; x_wconf 87' lang='lat' dir='ltr'><strong>ut</strong></span> 
     </span>
     <span class='ocr_line' id='line_1_6' title="bbox 153 1115 1183 1216; baseline 0.004 -25"><span class='ocrx_word' id='word_1_35' title='bbox 153 1139 228 1216; x_wconf 87' lang='lat' dir='ltr'><strong>post</strong></span> <span class='ocrx_word' id='word_1_36' title='bbox 248 1126 445 1190; x_wconf 80' lang='lat' dir='ltr'><strong>elaboratam</strong></span> <span class='ocrx_word' id='word_1_37' title='bbox 465 1126 709 1211; x_wconf 70' lang='lat' dir='ltr'><strong>Expositionem</strong></span> <span class='ocrx_word' id='word_1_38' title='bbox 729 1115 858 1190; x_wconf 66' lang='lat' dir='ltr'><strong>Erdrae</strong></span> <span class='ocrx_word' id='word_1_39' title='bbox 872 1128 1059 1192; x_wconf 87' lang='lat' dir='ltr'><strong>inchoatum</strong></span> <span class='ocrx_word' id='word_1_40' title='bbox 1078 1132 1183 1195; x_wconf 89' lang='lat' dir='ltr'><strong>absol-</strong></span> 
     </span>
     <span class='ocr_line' id='line_1_7' title="bbox 157 1231 1181 1333; baseline 0.004 -24"><span class='ocrx_word' id='word_1_41' title='bbox 157 1259 255 1310; x_wconf 77' lang='lat' dir='ltr'><strong>veret.</strong></span> <span class='ocrx_word' id='word_1_42' title='bbox 271 1245 388 1312; x_wconf 83' lang='lat' dir='ltr'><strong>Postea</strong></span> <span class='ocrx_word' id='word_1_43' title='bbox 398 1244 496 1333; x_wconf 83' lang='lat' dir='ltr'><strong>igitur</strong></span> <span class='ocrx_word' id='word_1_44' title='bbox 507 1231 646 1307; x_wconf 77' lang='lat' dir='ltr'><strong>scribcrc</strong></span> <span class='ocrx_word' id='word_1_45' title='bbox 662 1233 859 1309; x_wconf 69' lang='lat' dir='ltr'><strong>continuarit</strong></span> <span class='ocrx_word' id='word_1_46' title='bbox 871 1244 913 1309; x_wconf 89' lang='lat' dir='ltr'><strong>ad</strong></span> <span class='ocrx_word' id='word_1_47' title='bbox 921 1245 1004 1318; x_wconf 83' lang='lat' dir='ltr'><strong>Gen.</strong></span> <span class='ocrx_word' id='word_1_48' title='bbox 1020 1247 1109 1330; x_wconf 85' lang='lat' dir='ltr'>XXI,</span> <span class='ocrx_word' id='word_1_49' title='bbox 1130 1269 1181 1314; x_wconf 69' lang='grc' dir='ltr'><strong>νο.</strong></span> 
     </span>
     <span class='ocr_line' id='line_1_8' title="bbox 197 1357 1183 1448; baseline 0.005 -22"><span class='ocrx_word' id='word_1_50' title='bbox 197 1363 250 1426; x_wconf 85' lang='lat' dir='ltr'><strong>De</strong></span> <span class='ocrx_word' id='word_1_51' title='bbox 270 1361 508 1443; x_wconf 68' lang='lat' dir='ltr'><strong>stbernaculo,</strong></span> <span class='ocrx_word' id='word_1_52' title='bbox 538 1373 571 1424; x_wconf 82' lang='lat' dir='ltr'><strong>et</strong></span> <span class='ocrx_word' id='word_1_53' title='bbox 589 1368 680 1424; x_wconf 72' lang='lat' dir='ltr'><strong>vasis</strong></span> <span class='ocrx_word' id='word_1_54' title='bbox 698 1363 784 1448; x_wconf 61' lang='lat' dir='ltr'><strong>affut,</strong></span> <span class='ocrx_word' id='word_1_55' title='bbox 813 1385 853 1426; x_wconf 84' lang='lat' dir='ltr'><strong>ac</strong></span> <span class='ocrx_word' id='word_1_56' title='bbox 876 1364 1019 1428; x_wconf 68' lang='lat' dir='ltr'><strong>vestibat</strong></span> <span class='ocrx_word' id='word_1_57' title='bbox 1034 1357 1183 1430; x_wconf 74' lang='lat' dir='ltr'><strong>Sacerdo-</strong></span> 
     </span>
     <span class='ocr_line' id='line_1_9' title="bbox 157 1479 431 1560; baseline 0.004 -18"><span class='ocrx_word' id='word_1_58' title='bbox 157 1491 242 1560; x_wconf 82' lang='lat' dir='ltr'><strong>tum,</strong></span> <span class='ocrx_word' id='word_1_59' title='bbox 270 1479 344 1542; x_wconf 78' lang='lat' dir='ltr'><strong>libri</strong></span> <span class='ocrx_word' id='word_1_60' title='bbox 366 1479 431 1543; x_wconf 89' lang='lat' dir='ltr'><strong>III.</strong></span> 
     </span>
     <span class='ocr_line' id='line_1_10' title="bbox 168 1593 1182 1689; baseline 0.005 -30"><span class='ocrx_word' id='word_1_61' title='bbox 168 1629 172 1640; x_wconf 66' lang='grc'><strong>»</strong></span> <span class='ocrx_word' id='word_1_62' title='bbox 203 1597 282 1662; x_wconf 83' lang='lat' dir='ltr'><strong>Tres</strong></span> <span class='ocrx_word' id='word_1_63' title='bbox 296 1598 330 1661; x_wconf 90' lang='lat' dir='ltr'><strong>hi</strong></span> <span class='ocrx_word' id='word_1_64' title='bbox 350 1597 423 1661; x_wconf 84' lang='lat' dir='ltr'>libri</span> <span class='ocrx_word' id='word_1_65' title='bbox 443 1595 572 1684; x_wconf 75' lang='lat' dir='ltr'><strong>(carrus</strong></span> <span class='ocrx_word' id='word_1_66' title='bbox 588 1595 670 1662; x_wconf 82' lang='lat' dir='ltr'><strong>duos</strong></span> <span class='ocrx_word' id='word_1_67' title='bbox 687 1613 864 1682; x_wconf 87' lang='lat' dir='ltr'><strong>memorat,</strong></span> <span class='ocrx_word' id='word_1_68' title='bbox 890 1599 944 1662; x_wconf 83' lang='lat' dir='ltr'><strong>alii</strong></span> <span class='ocrx_word' id='word_1_69' title='bbox 967 1593 1182 1689; x_wconf 59' lang='lat' dir='ltr'><strong>quatuorlin-</strong></span> 
     </span>
     <span class='ocr_line' id='line_1_11' title="bbox 157 1714 1179 1806; baseline 0.005 -28"><span class='ocrx_word' id='word_1_70' title='bbox 157 1716 327 1780; x_wconf 78' lang='lat' dir='ltr'><strong>veniuntur</strong></span> <span class='ocrx_word' id='word_1_71' title='bbox 338 1717 373 1778; x_wconf 82' lang='lat' dir='ltr'><strong>in</strong></span> <span class='ocrx_word' id='word_1_72' title='bbox 384 1714 470 1780; x_wconf 89' lang='lat' dir='ltr'><strong>Edit.</strong></span> <span class='ocrx_word' id='word_1_73' title='bbox 485 1715 628 1804; x_wconf 86' lang='lat' dir='ltr'><strong>Operum</strong></span> <span class='ocrx_word' id='word_1_74' title='bbox 641 1716 737 1780; x_wconf 74' lang='lat' dir='ltr'><strong>Batil.</strong></span> <span class='ocrx_word' id='word_1_75' title='bbox 749 1717 843 1784; x_wconf 90' lang='lat' dir='ltr'><strong>Tom.</strong></span> <span class='ocrx_word' id='word_1_76' title='bbox 855 1715 912 1782; x_wconf 87' lang='lat' dir='ltr'><strong>IV.</strong></span> <span class='ocrx_word' id='word_1_77' title='bbox 927 1739 962 1806; x_wconf 88' lang='lat' dir='ltr'><strong>p.</strong></span> <span class='ocrx_word' id='word_1_78' title='bbox 980 1718 1179 1800; x_wconf 65' lang='grc' dir='ltr'><strong>αδδ-1280,</strong></span> 
     </span>
     <span class='ocr_line' id='line_1_12' title="bbox 157 1820 1182 1924; baseline 0.007 -29"><span class='ocrx_word' id='word_1_79' title='bbox 157 1820 325 1898; x_wconf 85' lang='lat' dir='ltr'><strong>¹etColon.</strong></span> <span class='ocrx_word' id='word_1_80' title='bbox 341 1833 436 1898; x_wconf 85' lang='lat' dir='ltr'><strong>Tom.</strong></span> <span class='ocrx_word' id='word_1_81' title='bbox 455 1833 511 1900; x_wconf 85' lang='lat' dir='ltr'><strong>IV.</strong></span> <span class='ocrx_word' id='word_1_82' title='bbox 529 1858 563 1923; x_wconf 89' lang='lat' dir='ltr'><strong>p.</strong></span> <span class='ocrx_word' id='word_1_83' title='bbox 580 1833 726 1920; x_wconf 81' lang='lat'><strong>838-916</strong></span> <span class='ocrx_word' id='word_1_84' title='bbox 744 1833 802 1923; x_wconf 89' lang='lat'><strong>(1).</strong></span> <span class='ocrx_word' id='word_1_85' title='bbox 851 1835 952 1921; x_wconf 81' lang='lat' dir='ltr'><strong>Hujus</strong></span> <span class='ocrx_word' id='word_1_86' title='bbox 968 1837 1074 1924; x_wconf 79' lang='lat' dir='ltr'><strong>operis</strong></span> <span class='ocrx_word' id='word_1_87' title='bbox 1092 1859 1182 1901; x_wconf 85' lang='lat' dir='ltr'><strong>man-</strong></span> 
     </span>
     <span class='ocr_line' id='line_1_13' title="bbox 155 1949 1182 2040; baseline 0.004 -27"><span class='ocrx_word' id='word_1_88' title='bbox 155 1949 280 2014; x_wconf 82' lang='lat' dir='ltr'><strong>tionam</strong></span> <span class='ocrx_word' id='word_1_89' title='bbox 303 1950 381 2014; x_wconf 78' lang='lat' dir='ltr'><strong>facit</strong></span> <span class='ocrx_word' id='word_1_90' title='bbox 404 1951 472 2039; x_wconf 85' lang='lat' dir='ltr'><strong>ipse</strong></span> <span class='ocrx_word' id='word_1_91' title='bbox 498 1973 582 2016; x_wconf 71' lang='lat' dir='ltr'><strong>urna</strong></span> <span class='ocrx_word' id='word_1_92' title='bbox 607 1953 642 2015; x_wconf 91' lang='lat' dir='ltr'><strong>in</strong></span> <span class='ocrx_word' id='word_1_93' title='bbox 668 1951 752 2016; x_wconf 89' lang='lat' dir='ltr'><strong>libro</strong></span> <span class='ocrx_word' id='word_1_94' title='bbox 779 1951 819 2015; x_wconf 79' lang='lat' dir='ltr'><strong>da</strong></span> <span class='ocrx_word' id='word_1_95' title='bbox 848 1952 976 2040; x_wconf 80' lang='lat' dir='ltr'><strong>Templo</strong></span> <span class='ocrx_word' id='word_1_96' title='bbox 1001 1974 1182 2018; x_wconf 72' lang='lat' dir='ltr'><strong>sanouoms</strong></span> 
     </span>
    </p>
   </div>
   <div class='ocr_carea' id='block_1_3' title="bbox 155 2065 1182 2630">
    <p class='ocr_par' dir='ltr' id='par_1_3' title="bbox 155 2065 1182 2630">
     <span class='ocr_line' id='line_1_14' title="bbox 156 2065 1182 2158; baseline 0.005 -28"><span class='ocrx_word' id='word_1_97' title='bbox 156 2089 229 2155; x_wconf 86' lang='lat' dir='ltr'><strong>cap.</strong></span> <span class='ocrx_word' id='word_1_98' title='bbox 249 2071 292 2146; x_wconf 72' lang='lat'><strong>24</strong></span> <span class='ocrx_word' id='word_1_99' title='bbox 314 2065 348 2132; x_wconf 81' lang='lat' dir='ltr'><strong>in&#39;</strong></span> <span class='ocrx_word' id='word_1_100' title='bbox 370 2067 453 2152; x_wconf 84' lang='lat' dir='ltr'><strong>line,</strong></span> <span class='ocrx_word' id='word_1_101' title='bbox 474 2071 530 2136; x_wconf 89' lang='lat' dir='ltr'><strong>ubi</strong></span> <span class='ocrx_word' id='word_1_102' title='bbox 552 2070 651 2134; x_wconf 82' lang='lat' dir='ltr'><strong>libros</strong></span> <span class='ocrx_word' id='word_1_103' title='bbox 674 2071 770 2152; x_wconf 88' lang='lat' dir='ltr'><strong>citat,</strong></span> <span class='ocrx_word' id='word_1_104' title='bbox 798 2092 878 2158; x_wconf 90' lang='lat' dir='ltr'><strong>quos</strong></span> <span class='ocrx_word' id='word_1_105' title='bbox 903 2069 944 2134; x_wconf 77' lang='lat' dir='ltr'><strong>de</strong></span> <span class='ocrx_word' id='word_1_106' title='bbox 966 2078 1182 2136; x_wconf 68' lang='lat' dir='ltr'><strong>exstructione</strong></span> 
     </span>
     <span class='ocr_line' id='line_1_15' title="bbox 161 2183 1182 2275; baseline 0.004 -27"><span class='ocrx_word' id='word_1_107' title='bbox 161 2183 372 2250; x_wconf 80' lang='lat' dir='ltr'><strong>Tabemaculi</strong></span> <span class='ocrx_word' id='word_1_108' title='bbox 393 2201 427 2251; x_wconf 84' lang='lat' dir='ltr'><strong>et</strong></span> <span class='ocrx_word' id='word_1_109' title='bbox 447 2187 488 2254; x_wconf 69' lang='lat' dir='ltr'><strong>da</strong></span> <span class='ocrx_word' id='word_1_110' title='bbox 505 2186 617 2252; x_wconf 82' lang='lat' dir='ltr'><strong>ltabr‘tu</strong></span> <span class='ocrx_word' id='word_1_111' title='bbox 632 2187 825 2250; x_wconf 77' lang='lat' dir='ltr'><strong>sacerdotali</strong></span> <span class='ocrx_word' id='word_1_112' title='bbox 841 2187 978 2275; x_wconf 85' lang='lat' dir='ltr'><strong>scripsit.</strong></span> <span class='ocrx_word' id='word_1_113' title='bbox 1031 2186 1182 2252; x_wconf 82' lang='lat' dir='ltr'><strong>Continet</strong></span> 
     </span>
     <span class='ocr_line' id='line_1_16' title="bbox 155 2278 1182 2394; baseline 0 -29"><span class='ocrx_word' id='word_1_114' title='bbox 155 2300 253 2389; x_wconf 79' lang='lat' dir='ltr'><strong>igitur</strong></span> <span class='ocrx_word' id='word_1_115' title='bbox 275 2303 328 2367; x_wconf 88' lang='lat' dir='ltr'><strong>hic</strong></span> <span class='ocrx_word' id='word_1_116' title='bbox 351 2319 503 2370; x_wconf 87' lang='lat' dir='ltr'><strong>tractatus</strong></span> <span class='ocrx_word' id='word_1_117' title='bbox 526 2303 731 2394; x_wconf 78' lang='lat' dir='ltr'><strong>allegoricam</strong></span> <span class='ocrx_word' id='word_1_118' title='bbox 754 2278 1050 2392; x_wconf 76' lang='lat' dir='ltr'><strong>interpretationem</strong></span> <span class='ocrx_word' id='word_1_119' title='bbox 1064 2302 1182 2366; x_wconf 82' lang='lat' dir='ltr'><strong>Taber-</strong></span> 
     </span>
     <span class='ocr_line' id='line_1_17' title="bbox 155 2417 1176 2513; baseline 0.002 -29"><span class='ocrx_word' id='word_1_120' title='bbox 155 2421 263 2486; x_wconf 83' lang='lat' dir='ltr'><strong>naculi</strong></span> <span class='ocrx_word' id='word_1_121' title='bbox 289 2425 415 2512; x_wconf 77' lang='lat' dir='ltr'><strong>ejusque</strong></span> <span class='ocrx_word' id='word_1_122' title='bbox 441 2423 664 2513; x_wconf 80' lang='lat' dir='ltr'><strong>supellectilis,</strong></span> <span class='ocrx_word' id='word_1_123' title='bbox 689 2438 782 2488; x_wconf 87' lang='lat' dir='ltr'><strong>utet</strong></span> <span class='ocrx_word' id='word_1_124' title='bbox 808 2423 937 2488; x_wconf 86' lang='lat' dir='ltr'><strong>vestitus</strong></span> <span class='ocrx_word' id='word_1_125' title='bbox 960 2417 1176 2486; x_wconf 82' lang='lat' dir='ltr'><strong>sacerdotalis.</strong></span> 
     </span>
     <span class='ocr_line' id='line_1_18' title="bbox 156 2535 1180 2630; baseline 0 -29"><span class='ocrx_word' id='word_1_126' title='bbox 156 2535 261 2618; x_wconf 89' lang='lat' dir='ltr'><strong>Quam</strong></span> <span class='ocrx_word' id='word_1_127' title='bbox 281 2539 513 2630; x_wconf 82' lang='lat' dir='ltr'><strong>interpretandi</strong></span> <span class='ocrx_word' id='word_1_128' title='bbox 529 2542 691 2604; x_wconf 87' lang='lat' dir='ltr'><strong>rationem</strong></span> <span class='ocrx_word' id='word_1_129' title='bbox 709 2553 821 2600; x_wconf 84' lang='lat' dir='ltr'><strong>auctor</strong></span> <span class='ocrx_word' id='word_1_130' title='bbox 837 2535 981 2601; x_wconf 78' lang='lat' dir='ltr'><strong>defendit</strong></span> <span class='ocrx_word' id='word_1_131' title='bbox 993 2559 1092 2600; x_wconf 79' lang='lat' dir='ltr'><strong>raum</strong></span> <span class='ocrx_word' id='word_1_132' title='bbox 1108 2560 1180 2601; x_wconf 85' lang='lat' dir='ltr'><strong>ver·</strong></span> 
     </span>
    </p>
   </div>
   <div class='ocr_carea' id='block_1_4' title="bbox 151 2652 1224 3679">
    <p class='ocr_par' dir='ltr' id='par_1_4' title="bbox 151 2652 1224 3679">
     <span class='ocr_line' id='line_1_19' title="bbox 151 2652 1180 2739; baseline 0 -21"><span class='ocrx_word' id='word_1_133' title='bbox 151 2654 216 2738; x_wconf 80' lang='lat' dir='ltr'><strong>bis,</strong></span> <span class='ocrx_word' id='word_1_134' title='bbox 241 2679 254 2721; x_wconf 88' lang='lat'>1</span> <span class='ocrx_word' id='word_1_135' title='bbox 274 2659 354 2722; x_wconf 87' lang='lat' dir='ltr'><strong>Cor.</strong></span> <span class='ocrx_word' id='word_1_136' title='bbox 371 2657 421 2738; x_wconf 84' lang='lat' dir='ltr'><strong>X,</strong></span> <span class='ocrx_word' id='word_1_137' title='bbox 443 2680 494 2739; x_wconf 88' lang='lat'><strong>11,</strong></span> <span class='ocrx_word' id='word_1_138' title='bbox 511 2657 556 2720; x_wconf 88' lang='lat' dir='ltr'><strong>ita</strong></span> <span class='ocrx_word' id='word_1_139' title='bbox 573 2656 682 2720; x_wconf 91' lang='lat' dir='ltr'><strong>locum</strong></span> <span class='ocrx_word' id='word_1_140' title='bbox 699 2653 855 2720; x_wconf 82' lang='lat' dir='ltr'><strong>vertendo</strong></span> <span class='ocrx_word' id='word_1_141' title='bbox 871 2652 1026 2718; x_wconf 73' lang='lat' dir='ltr'><strong>roddens:</strong></span> <span class='ocrx_word' id='word_1_142' title='bbox 1043 2654 1180 2718; x_wconf 76' lang='lat' dir='ltr'><strong>«Omnia</strong></span> 
     </span>
     <span class='ocr_line' id='line_1_20' title="bbox 153 2769 1180 2864; baseline -0.002 -27"><span class='ocrx_word' id='word_1_143' title='bbox 153 2773 187 2837; x_wconf 90' lang='lat' dir='ltr'><strong>in</strong></span> <span class='ocrx_word' id='word_1_144' title='bbox 213 2772 317 2863; x_wconf 84' lang='lat' dir='ltr'><strong>figura</strong></span> <span class='ocrx_word' id='word_1_145' title='bbox 344 2774 573 2864; x_wconf 78' lang='lat' dir='ltr'><strong>contingebant</strong></span> <span class='ocrx_word' id='word_1_146' title='bbox 597 2773 660 2837; x_wconf 83' lang='lat' dir='ltr'><strong>illis</strong></span> <span class='ocrx_word' id='word_1_147' title='bbox 685 2771 789 2862; x_wconf 69' lang='lat' dir='ltr'><strong>(mnu</strong></span> <span class='ocrx_word' id='word_1_148' title='bbox 811 2771 1026 2861; x_wconf 73' lang='grc' dir='ltr'><strong>συνέβαινον),</strong></span> <span class='ocrx_word' id='word_1_149' title='bbox 1060 2769 1180 2860; x_wconf 81' lang='lat' dir='ltr'><strong>scripta</strong></span> 
     </span>
     <span class='ocr_line' id='line_1_21' title="bbox 152 2888 1180 2980; baseline -0.002 -25"><span class='ocrx_word' id='word_1_150' title='bbox 152 2907 227 2955; x_wconf 80' lang='lat' dir='ltr'><strong>sunt</strong></span> <span class='ocrx_word' id='word_1_151' title='bbox 261 2905 368 2956; x_wconf 80' lang='lat' dir='ltr'><strong>autem</strong></span> <span class='ocrx_word' id='word_1_152' title='bbox 403 2905 536 2980; x_wconf 82' lang='lat' dir='ltr'><strong>propter</strong></span> <span class='ocrx_word' id='word_1_153' title='bbox 566 2913 665 2972; x_wconf 74' lang='lat' dir='ltr'><strong>nos3»</strong></span> <span class='ocrx_word' id='word_1_154' title='bbox 697 2892 790 2977; x_wconf 81' lang='lat' dir='ltr'><strong>eique</strong></span> <span class='ocrx_word' id='word_1_155' title='bbox 820 2891 905 2954; x_wconf 91' lang='lat' dir='ltr'><strong>hanc</strong></span> <span class='ocrx_word' id='word_1_156' title='bbox 936 2888 1180 2953; x_wconf 80' lang='lat' dir='ltr'><strong>adnotationem</strong></span> 
     </span>
     <span class='ocr_line' id='line_1_22' title="bbox 151 3005 1176 3094; baseline 0 -22"><span class='ocrx_word' id='word_1_157' title='bbox 151 3005 320 3094; x_wconf 78' lang='lat' dir='ltr'><strong>adjiciens:</strong></span> <span class='ocrx_word' id='word_1_158' title='bbox 359 3007 498 3072; x_wconf 77' lang='lat' dir='ltr'><strong>«Omnia</strong></span> <span class='ocrx_word' id='word_1_159' title='bbox 513 3007 664 3074; x_wconf 81' lang='lat' dir='ltr'><strong>videlicet</strong></span> <span class='ocrx_word' id='word_1_160' title='bbox 683 3031 751 3088; x_wconf 84' lang='lat' dir='ltr'><strong>non</strong></span> <span class='ocrx_word' id='word_1_161' title='bbox 766 3008 871 3073; x_wconf 84' lang='lat' dir='ltr'><strong>solum</strong></span> <span class='ocrx_word' id='word_1_162' title='bbox 888 3005 974 3072; x_wconf 85' lang='lat' dir='ltr'><strong>facta</strong></span> <span class='ocrx_word' id='word_1_163' title='bbox 992 3007 1044 3072; x_wconf 82' lang='lat' dir='ltr'><strong>vel</strong></span> <span class='ocrx_word' id='word_1_164' title='bbox 1058 3008 1176 3090; x_wconf 86' lang='lat' dir='ltr'><strong>verba,</strong></span> 
     </span>
     <span class='ocr_line' id='line_1_23' title="bbox 153 3124 1177 3212; baseline 0.003 -23"><span class='ocrx_word' id='word_1_165' title='bbox 153 3125 357 3212; x_wconf 76' lang='lat' dir='ltr'><strong>quaestoris</strong></span> <span class='ocrx_word' id='word_1_166' title='bbox 376 3126 489 3191; x_wconf 77' lang='lat' dir='ltr'><strong>Litoris</strong></span> <span class='ocrx_word' id='word_1_167' title='bbox 513 3127 735 3209; x_wconf 71' lang='lat' dir='ltr'><strong>continentur,</strong></span> <span class='ocrx_word' id='word_1_168' title='bbox 760 3148 873 3191; x_wconf 86' lang='lat' dir='ltr'><strong>verum</strong></span> <span class='ocrx_word' id='word_1_169' title='bbox 894 3127 992 3190; x_wconf 86' lang='lat' dir='ltr'><strong>ctiam</strong></span> <span class='ocrx_word' id='word_1_170' title='bbox 1009 3124 1177 3207; x_wconf 85' lang='lat' dir='ltr'><strong>locorum,</strong></span> 
     </span>
     <span class='ocr_line' id='line_1_24' title="bbox 155 3243 1224 3332; baseline -0.007 -22"><span class='ocrx_word' id='word_1_171' title='bbox 155 3257 191 3310; x_wconf 79' lang='lat' dir='ltr'><strong>et</strong></span> <span class='ocrx_word' id='word_1_172' title='bbox 212 3243 374 3324; x_wconf 80' lang='lat' dir='ltr'><strong>horarum,</strong></span> <span class='ocrx_word' id='word_1_173' title='bbox 412 3258 444 3308; x_wconf 88' lang='lat' dir='ltr'><strong>ct</strong></span> <span class='ocrx_word' id='word_1_174' title='bbox 471 3259 652 3332; x_wconf 84' lang='lat' dir='ltr'><strong>temporum</strong></span> <span class='ocrx_word' id='word_1_175' title='bbox 682 3243 776 3324; x_wconf 84' lang='lat' dir='ltr'><strong>situs,</strong></span> <span class='ocrx_word' id='word_1_176' title='bbox 803 3257 835 3307; x_wconf 89' lang='lat' dir='ltr'><strong>et</strong></span> <span class='ocrx_word' id='word_1_177' title='bbox 859 3243 1000 3329; x_wconf 85' lang='lat' dir='ltr'><strong>ipsarum</strong></span> <span class='ocrx_word' id='word_1_178' title='bbox 1030 3263 1177 3327; x_wconf 84' lang='lat' dir='ltr'><strong>quoque,</strong></span> <span class='ocrx_word' id='word_1_179' title='bbox 1214 3267 1224 3286; x_wconf 89' lang='lat'><strong>·</strong></span> 
     </span>
     <span class='ocr_line' id='line_1_25' title="bbox 154 3347 1179 3453; baseline -0.003 -31"><span class='ocrx_word' id='word_1_180' title='bbox 154 3357 190 3422; x_wconf 88' lang='lat' dir='ltr'><strong>in</strong></span> <span class='ocrx_word' id='word_1_181' title='bbox 213 3361 323 3447; x_wconf 84' lang='lat' dir='ltr'><strong>quibus</strong></span> <span class='ocrx_word' id='word_1_182' title='bbox 349 3376 437 3453; x_wconf 78' lang='lat' dir='ltr'><strong>gesta</strong></span> <span class='ocrx_word' id='word_1_183' title='bbox 458 3362 524 3427; x_wconf 77' lang='lat' dir='ltr'><strong>sive</strong></span> <span class='ocrx_word' id='word_1_184' title='bbox 546 3359 633 3425; x_wconf 87' lang='lat' dir='ltr'><strong>dicta</strong></span> <span class='ocrx_word' id='word_1_185' title='bbox 661 3375 748 3442; x_wconf 89' lang='lat' dir='ltr'><strong>sunt,</strong></span> <span class='ocrx_word' id='word_1_186' title='bbox 779 3347 1015 3423; x_wconf 84' lang='lat' dir='ltr'><strong>circumstantia</strong></span> <span class='ocrx_word' id='word_1_187' title='bbox 1038 3379 1179 3422; x_wconf 76' lang='lat' dir='ltr'><strong>rerum.»</strong></span> 
     </span>
     <span class='ocr_line' id='line_1_26' title="bbox 156 3472 1175 3566; baseline 0 -26"><span class='ocrx_word' id='word_1_188' title='bbox 156 3475 390 3566; x_wconf 77' lang='lat' dir='ltr'><strong>complectitur</strong></span> <span class='ocrx_word' id='word_1_189' title='bbox 423 3477 506 3566; x_wconf 81' lang='lat' dir='ltr'><strong>liber</strong></span> <span class='ocrx_word' id='word_1_190' title='bbox 539 3478 755 3544; x_wconf 86' lang='lat' dir='ltr'><strong>narrationem</strong></span> <span class='ocrx_word' id='word_1_191' title='bbox 788 3473 964 3544; x_wconf 87' lang='lat' dir='ltr'><strong>Mosaicam</strong></span> <span class='ocrx_word' id='word_1_192' title='bbox 1002 3475 1042 3540; x_wconf 88' lang='lat' dir='ltr'><strong>ab</strong></span> <span class='ocrx_word' id='word_1_193' title='bbox 1071 3472 1175 3540; x_wconf 83' lang='lat' dir='ltr'><strong>Exod.</strong></span> 
     </span>
     <span class='ocr_line' id='line_1_27' title="bbox 153 3593 626 3679; baseline 0.002 -17"><span class='ocrx_word' id='word_1_194' title='bbox 153 3593 280 3679; x_wconf 82' lang='lat' dir='ltr'>XXIV,</span> <span class='ocrx_word' id='word_1_195' title='bbox 308 3619 344 3662; x_wconf 82' lang='lat' dir='ltr'><strong>ra</strong></span> <span class='ocrx_word' id='word_1_196' title='bbox 368 3595 410 3662; x_wconf 91' lang='lat' dir='ltr'><strong>ad</strong></span> <span class='ocrx_word' id='word_1_197' title='bbox 430 3597 542 3679; x_wconf 87' lang='lat' dir='ltr'>XXX,</span> <span class='ocrx_word' id='word_1_198' title='bbox 572 3618 626 3663; x_wconf 82' lang='lat'><strong>21.</strong></span> 
     </span>
    </p>
   </div>
   <div class='ocr_carea' id='block_1_5' title="bbox 197 4031 1175 4267">
    <p class='ocr_par' dir='ltr' id='par_1_5' title="bbox 197 4031 1175 4267">
     <span class='ocr_line' id='line_1_28' title="bbox 197 4031 1174 4102; baseline -0.001 -18"><span class='ocrx_word' id='word_1_199' title='bbox 197 4031 240 4100; x_wconf 83' lang='lat'><strong>(1)</strong></span> <span class='ocrx_word' id='word_1_200' title='bbox 261 4032 400 4100; x_wconf 67' lang='lat' dir='ltr'><strong>Exposita</strong></span> <span class='ocrx_word' id='word_1_201' title='bbox 414 4037 443 4086; x_wconf 80' lang='lat' dir='ltr'><strong>in</strong></span> <span class='ocrx_word' id='word_1_202' title='bbox 457 4036 582 4086; x_wconf 72' lang='lat' dir='ltr'><strong>Euodam</strong></span> <span class='ocrx_word' id='word_1_203' title='bbox 597 4034 700 4086; x_wconf 77' lang='lat' dir='ltr'><strong>axxr</strong></span> <span class='ocrx_word' id='word_1_204' title='bbox 702 4035 735 4087; x_wconf 85' lang='lat' dir='ltr'><strong>V.</strong></span> <span class='ocrx_word' id='word_1_205' title='bbox 752 4036 834 4102; x_wconf 71' lang='lat' dir='ltr'><strong>capite</strong></span> <span class='ocrx_word' id='word_1_206' title='bbox 848 4049 931 4101; x_wconf 78' lang='lat' dir='ltr'><strong>utque</strong></span> <span class='ocrx_word' id='word_1_207' title='bbox 945 4034 981 4083; x_wconf 82' lang='lat' dir='ltr'><strong>ad</strong></span> <span class='ocrx_word' id='word_1_208' title='bbox 994 4034 1174 4097; x_wconf 71' lang='lat' dir='ltr'><strong>trigasimum,</strong></span> 
     </span>
     <span class='ocr_line' id='line_1_29' title="bbox 257 4113 1175 4186; baseline 0.005 -23"><span class='ocrx_word' id='word_1_209' title='bbox 257 4115 288 4164; x_wconf 77' lang='lat' dir='ltr'><strong>de</strong></span> <span class='ocrx_word' id='word_1_210' title='bbox 305 4113 503 4181; x_wconf 71' lang='lat' dir='ltr'><strong>raama,</strong></span> <span class='ocrx_word' id='word_1_211' title='bbox 519 4127 568 4169; x_wconf 76' lang='lat' dir='ltr'><strong>cet.</strong></span> <span class='ocrx_word' id='word_1_212' title='bbox 580 4147 615 4158; x_wconf 83' lang='lat'><em>-</em></span> <span class='ocrx_word' id='word_1_213' title='bbox 628 4116 665 4168; x_wconf 83' lang='lat' dir='ltr'><strong>Ita</strong></span> <span class='ocrx_word' id='word_1_214' title='bbox 674 4117 775 4186; x_wconf 69' lang='lat' dir='ltr'><strong>“legitur</strong></span> <span class='ocrx_word' id='word_1_215' title='bbox 788 4116 818 4168; x_wconf 85' lang='lat' dir='ltr'><strong>in</strong></span> <span class='ocrx_word' id='word_1_216' title='bbox 832 4113 956 4181; x_wconf 66' lang='lat' dir='ltr'><strong>catalogo</strong></span> <span class='ocrx_word' id='word_1_217' title='bbox 969 4129 1036 4168; x_wconf 84' lang='lat' dir='ltr'><strong>srxrt</strong></span> <span class='ocrx_word' id='word_1_218' title='bbox 1059 4117 1116 4170; x_wconf 81' lang='lat' dir='ltr'><strong>Sin.</strong></span> <span class='ocrx_word' id='word_1_219' title='bbox 1129 4118 1175 4170; x_wconf 91' lang='lat'><strong>1.1.</strong></span> 
     </span>
     <span class='ocr_line' id='line_1_30' title="bbox 255 4196 717 4267; baseline 0.004 -21"><span class='ocrx_word' id='word_1_220' title='bbox 255 4196 315 4248; x_wconf 85' lang='lat' dir='ltr'><strong>Lib.</strong></span> <span class='ocrx_word' id='word_1_221' title='bbox 335 4197 380 4249; x_wconf 81' lang='lat' dir='ltr'><strong>lv.</strong></span> <span class='ocrx_word' id='word_1_222' title='bbox 395 4217 455 4267; x_wconf 80' lang='lat' dir='ltr'><strong>pag.</strong></span> <span class='ocrx_word' id='word_1_223' title='bbox 470 4201 530 4252; x_wconf 79' lang='lat'><strong>219.</strong></span> <span class='ocrx_word' id='word_1_224' title='bbox 551 4199 582 4251; x_wconf 75' lang='grc' dir='ltr'><strong>Α.</strong></span> <span class='ocrx_word' id='word_1_225' title='bbox 714 4211 717 4248; x_wconf 77' lang='grc' dir='ltr'>ι</span> 
     </span>
    </p>
   </div>
   <div class='ocr_carea' id='block_1_6' title="bbox 0 0 1464 5284">
    <p class='ocr_par' dir='ltr' id='par_1_6' title="bbox 0 0 1464 5284">
     <span class='ocr_line' id='line_1_31' title="bbox 0 0 1464 5284; baseline 0 0"><span class='ocrx_word' id='word_1_226' title='bbox 0 0 1464 5284; x_wconf 95' lang='lat' dir='ltr'><strong> </strong></span> 
     </span>
    </p>
   </div>
  </div>
 </body>
</html>
