2900 5278
647 449 687 514 et

162 653 195 704 et
211 658 320 706 omnes
335 637 438 702 lemae
457 633 600 700 melioris
614 647 711 698 uotae
730 629 868 697 Codices
885 630 1064 717 declarant,
1082 629 1182 724 epito-

163 779 240 822 men
259 756 349 820 illam
365 753 648 843 ciuunologicam,
671 773 767 840 mam
783 750 943 816 Historiae
957 773 1029 816 suae
1043 751 1179 838 adjecit,

161 874 203 939 ad
219 897 339 940 annmn
353 895 455 961 usque
472 871 537 960 734
554 872 596 935 ab
612 891 652 934 eo
666 870 738 958 ipso
755 847 821 934 esse
836 869 1065 935 continuatam.
1109 869 1182 950 Quo

162 990 294 1080 quidem
314 1006 462 1079 tempore
483 1009 593 1053 annuat
613 1002 775 1052 mortuum
797 1008 881 1068 esse,
903 985 1115 1074 probabiliori
1133 1009 1184 1051 ra-

164 1108 255 1174 tione
274 1107 380 1197 plures
396 1105 569 1190 conjiciunt
584 1103 650 1192 (1);
675 1101 733 1168 sed
755 1125 860 1190 neque
878 1103 932 1167 hio
949 1102 1090 1168 calculus
1107 1127 1185 1192 pro·

166 1229 236 1292 bari
257 1240 373 1313 potest.
409 1223 537 1287 Etenim
561 1245 600 1286 ex
623 1221 767 1310 Epistola
791 1221 847 1285 illa
872 1243 1076 1304 cornuum,
1105 1245 1185 1311 quo·

161 1363 238 1406 cum
262 1340 464 1404 consentiunt
492 1339 746 1404 omnes'vetusti
765 1338 963 1426 Scriptores,
984 1339 1186 1405 manifestum

161 1474 221 1541 eat,
243 1481 354 1524 unctu
368 1459 440 1546 ipso
450 1457 654 1522 Ascensionis
669 1456 751 1521 festo
764 1471 797 1522 et
815 1455 886 1521 VH.
902 1455 1063 1521 Kalendas
1077 1457 1186 1522 Junias

165 1573 232 1662 (die
248 1575 290 1639 26
307 1575 386 1660 Maji
402 1599 435 1640 n.
455 1573 501 1662 a.)
520 1573 650 1655 obiisse;
676 1571 761 1637 diem
782 1587 889 1636 autem
905 1573 1108 1638 Ascensionis
1125 1572 1185 1639 do·

163 1693 301 1756 minicae
327 1705 360 1756 et
380 1692 551 1780 septimum
579 1689 740 1756 Kalendas
764 1690 849 1754 Junii
874 1711 941 1754 nou
964 1692 1000 1755 in
1020 1691 1106 1757 hunc
1131 1715 1187 1759 sn·

163 1806 365 1892 num,sedin
376 1823 561 1895 sequentem
571 1809 883 1897 septingentesimum
892 1808 1088 1874 tricesimum
1098 1811 1188 1897 quin·

160 1945 230 1994 tum
249 1926 464 2007 concurrisse,
488 1949 528 1990 ex
546 1925 662 1990 tabulis
678 1924 912 1989 Astrouomicis
927 1939 1040 1989 notum
1056 1941 1104 1992 cst
1118 1926 1181 2017 (a).

160 2047 203 2111 Et
235 2067 310 2110 sane
336 2046 373 2108 in
402 2042 584 2109 Annalibus
622 2041 873 2125 Ultoniensibus,
906 2043 1011 2108 obitus
1044 2044 1111 2128 ejus
1144 2042 1186 2108 ad

167 2187 285 2229 annum
312 2162 448 2228 refertur
472 2160 555 2249 734,
580 2161 645 2226 sive
672 2182 763 2224 aerae
791 2173 919 2224 nostrae
944 2159 1081 2248 vulgaris
1102 2159 1186 2248 735,

166 2305 241 2347 cum
251 2283 318 2345 hoc
329 2280 423 2345 brevi
436 2279 555 2369 elogio:
569 2300 677 2359 aanor,
688 2276 812 2365 sapiens
820 2278 993 2360 Qucum,
1004 2279 1189 2365 requievit.»

167 2399 249 2463 Item
272 2397 313 2462 ad
340 2395 475 2462 eundem
502 2418 621 2460 annum
652 2410 781 2476 auctor,
810 2395 865 2480 qui
889 2416 994 2458 annun
1025 2395 1189 2480 epitomen

167 2515 380 2580 continuavit:
411 2535 516 2578 «uuna
543 2513 717 2598 Presbyter
750 2511 853 2572 obiit»
878 2509 938 2597 (3).
994 2510 1068 2574 Hoc
1093 2512 1191 2601 igitur

164 2656 269 2716 anno,
285 2631 398 2698 aetatis
412 2651 487 2694 auae
502 2626 696 2717 sexagesimo
709 2625 822 2708 tertio,
842 2642 1003 2692 mortuum
1019 2651 1092 2694 eum
1107 2651 1190 2713 esse,

203 2917 245 2985 (1)
264 2915 308 2970 Sic
329 2915 408 2965 etium
432 2915 526 2965 chron.
543 2913 643 2964 Saron.
666 2912 735 2963 tdit.
752 2926 850 2965 crustu.
867 2931 895 2981 p.
909 2914 953 2965 54.
972 2914 1072 2980 Alford
1084 2917 1191 2971 Aaou.

274 2996 426 3064 (auctorest
440 3011 583 3060 enrrrrru,
604 3013 618 3046 e
634 2997 753 3047 societate
767 2996 837 3063 stau)
855 2995 914 3047 Vol.
931 2995 964 3046 Il.
979 3015 1007 3065 p.
1020 2998 1082 3050 586.
1100 3015 1122 3050 J.
1137 3016 1188 3052 nr-

272 3091 331 3128 uua
355 3077 451 3143 script.
473 3079 579 3130 illustr.
601 3079 669 3146 Maj.
689 3080 761 3130 Brit.
786 3078 862 3130 Ceut.
884 3079 919 3130 Π.
941 3097 968 3148 p.
988 3081 1031 3132 97.
1068 3082 1189 3136 Tarrut-

274 3174 333 3210 uros
346 3158 394 3210 1.1.
409 3161 527 3223 monuit,
544 3175 627 3212 nrum
639 3178 706 3211 anno
719 3163 789 3225 733,
806 3163 894 3214 aetatis
909 3163 958 3226 ⁷2,
978 3163 1091 3230 obiisse,
1108 3185 1188 3234 mum

274 3241 439 3311 computandi
454 3243 582 3292 rationem
595 3243 665 3292 unde
681 3243 726 3294 ille
739 3245 882 3312 occeperit,
898 3261 951 3295 non
967 3245 1094 3315 intelligo.

206 3326 248 3394 (2)
268 3325 330 3376 vid.
348 3325 440 3393 Suppl.
467 3327 588 3377 chronol.
611 3340 693 3377 ntort
716 3327 820 3377 Hister.
839 3327 867 3376 in
881 3327 982 3378 Rerum
999 3329 1071 3379 Brit.
1092 3330 1191 3400 Serapi.

274 3416 377 3465 Vetusi.
397 3430 425 3481 p.
440 3413 501 3464 229.
536 3411 602 3464 Gur.
623 3414 746 3464 Molmab.
764 3412 783 3464 1.
799 3412 818 3464 l.
854 3411 954 3464 Sutor
976 3414 1101 3464 Dunelm.
1120 3417 1192 3484 aputl

272 3495 297 3547 X
311 3495 433 3565 Scriptor.
471 3493 539 3547 Coll.
555 3498 572 3547 8
588 3497 668 3547 et'77.
703 3497 824 3548 Hortum
846 3499 948 3548 Annal.
969 3499 1038 3548 inter
1051 3497 1193 3552 Historicos

272 3590 331 3648 post
346 3594 429 3629 utut!
443 3597 470 3648 p.
484 3579 545 3630 tot.
563 3579 660 3631 Srunes
676 3583 738 3632 Act.
754 3583 831 3632 Pont.
847 3582 963 3632 Eborac.
977 3580 1099 3633 Columu.
1114 3585 1193 3636 1696.

271 3661 314 3715 cf.
336 3678 473 3715 urnrttor.
492 3665 554 3714 Act.
575 3665 673 3714 Bened.
689 3664 747 3716 Sec.
768 3664 816 3714 III.
839 3664 911 3714 Parte
931 3664 951 3714 1.
975 3665 1031 3729 97.
1047 3676 1073 3716 et
1086 3682 1111 3716 a.
1129 3682 1187 3718 rect

275 3751 340 3799 crit.
356 3748 429 3798 Hier.
449 3748 543 3798 ceron.
559 3749 662 3799 Annal.
679 3762 784 3800 unacurt
802 3745 878 3797 Tem.
892 3744 936 3796 lx.
952 3748 1069 3814 p.111⁷.
1083 3750 1125 3798 nl.
1139 3749 1192 3798 IV.

273 3831 413 3900 Scripserat
428 3849 530 3899 quoque
555 3847 633 3884 sutru
655 3834 683 3882 in
704 3843 763 3883 nota
776 3832 808 3882 ed
824 3832 912 3899 Epist.
929 3833 964 3882 ad
983 3846 1117 3883 scaturrit
1138 3847 1192 3881 an-

273 3932 336 3964 num
357 3915 442 3966 obitus
464 3931 542 3966 stult
564 3916 616 3966 731
638 3917 734 3979 fuisse,
762 3917 806 3968 sed
835 3918 863 3966 in
890 3917 1047 3968 Praelatione
1077 3932 1190 3964 errorem

255 3999 400 4062 correxit,
421 3999 594 4049 certissimum
616 4016 671 4051 esse
693 4001 800 4064 diceus,
823 4017 883 4052 euru
904 4001 1023 4068 proximo
1044 4011 1112 4044 enno
1138 3997 1194 4046 ritu·

269 4099 324 4133 esse
339 4082 498 4134 defunctum.
1268 4145 1270 4150 Α

204 4166 245 4235 (3)
266 4165 308 4218 cf.
326 4182 441 4219 winusus
456 4170 485 4219 in
501 4167 582 4220 Praei.
598 4167 630 4217 ad
647 4167 716 4219 Edit.
741 4168 834 4233 Opust.
850 4179 948 4225 eruut,
968 4161 1075 4214 Dublin.
1095 4161 1175 4214 lest.-
