<?xml version="1.0" encoding="UTF-8"?>
<!DOCTYPE html PUBLIC "-//W3C//DTD XHTML 1.0 Transitional//EN"
    "http://www.w3.org/TR/xhtml1/DTD/xhtml1-transitional.dtd">
<html xmlns="http://www.w3.org/1999/xhtml" xml:lang="en" lang="en">
 <head>
  <title>
</title>
<meta http-equiv="Content-Type" content="text/html;charset=utf-8" />
  <meta name='ocr-system' content='tesseract 3.04.00' />
  <meta name='ocr-capabilities' content='ocr_page ocr_carea ocr_par ocr_line ocrx_word'/>
</head>
<body>
  <div class='ocr_page' id='page_1' title='image "./disputatiohisto00gehlgoog_0035.png"; bbox 0 0 2900 5278; ppageno 0'>
   <div class='ocr_carea' id='block_1_1' title="bbox 664 476 706 540">
    <p class='ocr_par' dir='ltr' id='par_1_1' title="bbox 664 476 706 540">
     <span class='ocr_line' id='line_1_1' title="bbox 664 476 706 540; baseline -0.048 0"><span class='ocrx_word' id='word_1_1' title='bbox 664 476 706 540; x_wconf 82' lang='lat'><strong>23</strong></span> 
     </span>
    </p>
   </div>
   <div class='ocr_carea' id='block_1_2' title="bbox 172 651 1193 746">
    <p class='ocr_par' dir='ltr' id='par_1_2' title="bbox 172 651 1193 746">
     <span class='ocr_line' id='line_1_2' title="bbox 172 651 1193 746; baseline 0 -26"><span class='ocrx_word' id='word_1_2' title='bbox 172 651 351 746; x_wconf 71' lang='lat' dir='ltr'><strong>discipulis,</strong></span> <span class='ocrx_word' id='word_1_3' title='bbox 376 657 510 744; x_wconf 84' lang='lat' dir='ltr'><strong>quiipse</strong></span> <span class='ocrx_word' id='word_1_4' title='bbox 524 668 635 742; x_wconf 86' lang='lat' dir='ltr'><strong>postea</strong></span> <span class='ocrx_word' id='word_1_5' title='bbox 656 653 761 718; x_wconf 84' lang='lat' dir='ltr'><strong>fernae</strong></span> <span class='ocrx_word' id='word_1_6' title='bbox 783 669 815 717; x_wconf 94' lang='lat' dir='ltr'><strong>et</strong></span> <span class='ocrx_word' id='word_1_7' title='bbox 836 653 993 722; x_wconf 83' lang='lat' dir='ltr'><strong>honorum</strong></span> <span class='ocrx_word' id='word_1_8' title='bbox 1017 653 1193 721; x_wconf 81' lang='lat' dir='ltr'><strong>claritatem</strong></span> 
     </span>
    </p>
   </div>
   <div class='ocr_carea' id='block_1_3' title="bbox 167 771 1197 2742">
    <p class='ocr_par' dir='ltr' id='par_1_3' title="bbox 171 771 704 860">
     <span class='ocr_line' id='line_1_3' title="bbox 171 771 704 860; baseline -0.009 -17"><span class='ocrx_word' id='word_1_9' title='bbox 171 776 207 843; x_wconf 89' lang='lat' dir='ltr'><strong>in</strong></span> <span class='ocrx_word' id='word_1_10' title='bbox 230 775 365 842; x_wconf 85' lang='lat' dir='ltr'><strong>ecclesia</strong></span> <span class='ocrx_word' id='word_1_11' title='bbox 388 789 548 840; x_wconf 87' lang='lat' dir='ltr'><strong>assecutus</strong></span> <span class='ocrx_word' id='word_1_12' title='bbox 573 787 621 837; x_wconf 87' lang='lat' dir='ltr'><strong>est</strong></span> <span class='ocrx_word' id='word_1_13' title='bbox 643 771 655 860; x_wconf 91' lang='lat'><strong>(</strong></span> <span class='ocrx_word' id='word_1_14' title='bbox 677 771 704 860; x_wconf 95' lang='lat'><strong>).</strong></span> 
     </span>
    </p>

    <p class='ocr_par' dir='ltr' id='par_1_4' title="bbox 167 889 1197 2742">
     <span class='ocr_line' id='line_1_4' title="bbox 215 889 1194 958; baseline 0.002 -2"><span class='ocrx_word' id='word_1_15' title='bbox 215 891 453 958; x_wconf 76' lang='lat' dir='ltr'><strong>«Dilectissimo</strong></span> <span class='ocrx_word' id='word_1_16' title='bbox 475 891 511 956; x_wconf 91' lang='lat' dir='ltr'><strong>in</strong></span> <span class='ocrx_word' id='word_1_17' title='bbox 532 912 669 956; x_wconf 83' lang='lat' dir='ltr'><strong>cnnrsro</strong></span> <span class='ocrx_word' id='word_1_18' title='bbox 697 889 872 956; x_wconf 87' lang='lat' dir='ltr'><strong>Collectori</strong></span> <span class='ocrx_word' id='word_1_19' title='bbox 897 897 1073 958; x_wconf 80' lang='lat' dir='ltr'><strong>onrnwrrso</strong></span> <span class='ocrx_word' id='word_1_20' title='bbox 1093 912 1194 958; x_wconf 82' lang='lat' dir='ltr'><strong>enan·</strong></span> 
     </span>
     <span class='ocr_line' id='line_1_5' title="bbox 171 1007 1193 1100; baseline 0.001 -26"><span class='ocrx_word' id='word_1_21' title='bbox 171 1031 295 1076; x_wconf 77' lang='lat' dir='ltr'><strong>rannus</strong></span> <span class='ocrx_word' id='word_1_22' title='bbox 331 1009 565 1100; x_wconf 85' lang='lat' dir='ltr'><strong>condiscipulus</strong></span> <span class='ocrx_word' id='word_1_23' title='bbox 594 1009 629 1072; x_wconf 91' lang='lat' dir='ltr'><strong>in</strong></span> <span class='ocrx_word' id='word_1_24' title='bbox 661 1008 733 1072; x_wconf 93' lang='lat' dir='ltr'><strong>Deo</strong></span> <span class='ocrx_word' id='word_1_25' title='bbox 770 1021 932 1072; x_wconf 83' lang='lat' dir='ltr'><strong>aeternam</strong></span> <span class='ocrx_word' id='word_1_26' title='bbox 963 1007 1100 1074; x_wconf 86' lang='lat' dir='ltr'><strong>salutern</strong></span> <span class='ocrx_word' id='word_1_27' title='bbox 1133 1007 1193 1097; x_wconf 89' lang='lat'><strong>().</strong></span> 
     </span>
     <span class='ocr_line' id='line_1_6' title="bbox 171 1123 1197 1214; baseline -0.002 -20"><span class='ocrx_word' id='word_1_28' title='bbox 171 1126 416 1210; x_wconf 85' lang='lat' dir='ltr'><strong>Munusculum,</strong></span> <span class='ocrx_word' id='word_1_29' title='bbox 431 1125 517 1214; x_wconf 90' lang='lat' dir='ltr'><strong>quod</strong></span> <span class='ocrx_word' id='word_1_30' title='bbox 536 1125 664 1208; x_wconf 88' lang='lat' dir='ltr'><strong>misisti,</strong></span> <span class='ocrx_word' id='word_1_31' title='bbox 683 1124 822 1190; x_wconf 82' lang='lat' dir='ltr'><strong>libenter</strong></span> <span class='ocrx_word' id='word_1_32' title='bbox 834 1125 946 1213; x_wconf 83' lang='lat' dir='ltr'><strong>accepi</strong></span> <span class='ocrx_word' id='word_1_33' title='bbox 957 1123 1026 1213; x_wconf 83' lang='lat'><strong>(3),</strong></span> <span class='ocrx_word' id='word_1_34' title='bbox 1050 1126 1197 1192; x_wconf 88' lang='lat' dir='ltr'><strong>multum·</strong></span> 
     </span>
     <span class='ocr_line' id='line_1_7' title="bbox 173 1240 1193 1334; baseline -0.002 -24"><span class='ocrx_word' id='word_1_35' title='bbox 173 1267 236 1332; x_wconf 80' lang='lat' dir='ltr'><strong>que</strong></span> <span class='ocrx_word' id='word_1_36' title='bbox 256 1260 415 1334; x_wconf 83' lang='lat' dir='ltr'><strong>gratanter</strong></span> <span class='ocrx_word' id='word_1_37' title='bbox 435 1245 556 1310; x_wconf 83' lang='lat' dir='ltr'><strong>Iuteras</strong></span> <span class='ocrx_word' id='word_1_38' title='bbox 578 1258 651 1312; x_wconf 82' lang='lat' dir='ltr'><strong>tuae</strong></span> <span class='ocrx_word' id='word_1_39' title='bbox 671 1242 811 1309; x_wconf 86' lang='lat' dir='ltr'><strong>devotae</strong></span> <span class='ocrx_word' id='word_1_40' title='bbox 832 1240 1022 1308; x_wconf 82' lang='lat' dir='ltr'><strong>eruditionis</strong></span> <span class='ocrx_word' id='word_1_41' title='bbox 1039 1242 1086 1332; x_wconf 72' lang='grc'><strong>(4)</strong></span> <span class='ocrx_word' id='word_1_42' title='bbox 1110 1243 1193 1334; x_wconf 80' lang='lat' dir='ltr'><strong>legi,</strong></span> 
     </span>
     <span class='ocr_line' id='line_1_8' title="bbox 168 1358 1196 1448; baseline 0 -24"><span class='ocrx_word' id='word_1_43' title='bbox 168 1360 203 1424; x_wconf 90' lang='lat' dir='ltr'><strong>in</strong></span> <span class='ocrx_word' id='word_1_44' title='bbox 220 1362 352 1448; x_wconf 90' lang='lat' dir='ltr'><strong>quibus,</strong></span> <span class='ocrx_word' id='word_1_45' title='bbox 377 1363 512 1427; x_wconf 87' lang='lat' dir='ltr'><strong>maxime</strong></span> <span class='ocrx_word' id='word_1_46' title='bbox 536 1359 624 1448; x_wconf 89' lang='lat' dir='ltr'><strong>quod</strong></span> <span class='ocrx_word' id='word_1_47' title='bbox 651 1359 892 1442; x_wconf 82' lang='lat' dir='ltr'><strong>desiderabam,</strong></span> <span class='ocrx_word' id='word_1_48' title='bbox 914 1359 1025 1425; x_wconf 71' lang='lat' dir='ltr'><strong>liliatas</strong></span> <span class='ocrx_word' id='word_1_49' title='bbox 1046 1358 1196 1426; x_wconf 80' lang='lat' dir='ltr'><strong>videlicet</strong></span> 
     </span>
     <span class='ocr_line' id='line_1_9' title="bbox 169 1474 1196 1567; baseline -0.002 -23"><span class='ocrx_word' id='word_1_50' title='bbox 169 1492 203 1544; x_wconf 89' lang='lat' dir='ltr'><strong>et</strong></span> <span class='ocrx_word' id='word_1_51' title='bbox 232 1479 394 1544; x_wconf 91' lang='lat' dir='ltr'><strong>orationes</strong></span> <span class='ocrx_word' id='word_1_52' title='bbox 428 1494 648 1546; x_wconf 84' lang='lat' dir='ltr'><strong>sacrosanctas</strong></span> <span class='ocrx_word' id='word_1_53' title='bbox 677 1498 739 1567; x_wconf 93' lang='lat' dir='ltr'><strong>pro</strong></span> <span class='ocrx_word' id='word_1_54' title='bbox 765 1477 838 1542; x_wconf 90' lang='lat' dir='ltr'><strong>Deo</strong></span> <span class='ocrx_word' id='word_1_55' title='bbox 869 1474 989 1542; x_wconf 89' lang='lat' dir='ltr'><strong>dilecto</strong></span> <span class='ocrx_word' id='word_1_56' title='bbox 1023 1475 1119 1541; x_wconf 85' lang='lat' dir='ltr'><strong>Patre</strong></span> <span class='ocrx_word' id='word_1_57' title='bbox 1157 1499 1196 1542; x_wconf 90' lang='lat' dir='ltr'><strong>ac</strong></span> 
     </span>
     <span class='ocr_line' id='line_1_10' title="bbox 170 1590 1196 1686; baseline 0 -26"><span class='ocrx_word' id='word_1_58' title='bbox 170 1595 327 1684; x_wconf 83' lang='lat' dir='ltr'><strong>Magistro</strong></span> <span class='ocrx_word' id='word_1_59' title='bbox 351 1611 462 1662; x_wconf 81' lang='lat' dir='ltr'><strong>nostro</strong></span> <span class='ocrx_word' id='word_1_60' title='bbox 492 1618 577 1662; x_wconf 76' lang='lat' dir='ltr'><strong>arna</strong></span> <span class='ocrx_word' id='word_1_61' title='bbox 600 1617 618 1660; x_wconf 85' lang='lat' dir='ltr'><strong>a</strong></span> <span class='ocrx_word' id='word_1_62' title='bbox 644 1594 734 1660; x_wconf 87' lang='lat' dir='ltr'><strong>vobis</strong></span> <span class='ocrx_word' id='word_1_63' title='bbox 763 1592 932 1686; x_wconf 86' lang='lat' dir='ltr'><strong>diligenter</strong></span> <span class='ocrx_word' id='word_1_64' title='bbox 958 1590 1005 1681; x_wconf 86' lang='lat'><strong>(5)</strong></span> <span class='ocrx_word' id='word_1_65' title='bbox 1041 1592 1196 1660; x_wconf 86' lang='lat' dir='ltr'><strong>celebrari</strong></span> 
     </span>
     <span class='ocr_line' id='line_1_11' title="bbox 170 1710 1196 1802; baseline -0.002 -24"><span class='ocrx_word' id='word_1_66' title='bbox 170 1714 288 1802; x_wconf 88' lang='lat' dir='ltr'><strong>reperi.</strong></span> <span class='ocrx_word' id='word_1_67' title='bbox 336 1711 430 1778; x_wconf 87' lang='lat' dir='ltr'><strong>Unde</strong></span> <span class='ocrx_word' id='word_1_68' title='bbox 454 1712 593 1778; x_wconf 86' lang='lat' dir='ltr'><strong>delectat</strong></span> <span class='ocrx_word' id='word_1_69' title='bbox 617 1712 716 1801; x_wconf 83' lang='lat' dir='ltr'><strong>magis</strong></span> <span class='ocrx_word' id='word_1_70' title='bbox 739 1734 800 1800; x_wconf 88' lang='lat' dir='ltr'><strong>pro</strong></span> <span class='ocrx_word' id='word_1_71' title='bbox 827 1713 892 1796; x_wconf 84' lang='lat' dir='ltr'><strong>ejus</strong></span> <span class='ocrx_word' id='word_1_72' title='bbox 919 1710 1068 1794; x_wconf 88' lang='lat' dir='ltr'><strong>caritate,</strong></span> <span class='ocrx_word' id='word_1_73' title='bbox 1098 1733 1196 1799; x_wconf 89' lang='lat' dir='ltr'><strong>quan·</strong></span> 
     </span>
     <span class='ocr_line' id='line_1_12' title="bbox 168 1827 1194 1920; baseline 0.003 -26"><span class='ocrx_word' id='word_1_74' title='bbox 168 1844 238 1894; x_wconf 88' lang='lat' dir='ltr'><strong>tum</strong></span> <span class='ocrx_word' id='word_1_75' title='bbox 262 1829 353 1895; x_wconf 85' lang='lat' dir='ltr'><strong>fruor</strong></span> <span class='ocrx_word' id='word_1_76' title='bbox 374 1831 505 1920; x_wconf 85' lang='lat' dir='ltr'><strong>ingenio</strong></span> <span class='ocrx_word' id='word_1_77' title='bbox 527 1831 598 1920; x_wconf 88' lang='lat'><strong>(6),</strong></span> <span class='ocrx_word' id='word_1_78' title='bbox 622 1830 731 1920; x_wconf 88' lang='lat' dir='ltr'><strong>paucis</strong></span> <span class='ocrx_word' id='word_1_79' title='bbox 755 1829 956 1896; x_wconf 78' lang='lat' dir='ltr'><strong>sermonibus</strong></span> <span class='ocrx_word' id='word_1_80' title='bbox 976 1827 1104 1912; x_wconf 88' lang='lat' dir='ltr'><strong>dicere,</strong></span> <span class='ocrx_word' id='word_1_81' title='bbox 1129 1852 1194 1919; x_wconf 87' lang='lat' dir='ltr'><strong>quo</strong></span> 
     </span>
     <span class='ocr_line' id='line_1_13' title="bbox 168 1944 1195 2037; baseline 0.004 -25"><span class='ocrx_word' id='word_1_82' title='bbox 168 1944 284 2012; x_wconf 89' lang='lat' dir='ltr'><strong>ordine</strong></span> <span class='ocrx_word' id='word_1_83' title='bbox 306 1947 452 2037; x_wconf 82' lang='lat' dir='ltr'><strong>migrarit</strong></span> <span class='ocrx_word' id='word_1_84' title='bbox 475 1971 495 2014; x_wconf 91' lang='lat' dir='ltr'><strong>e</strong></span> <span class='ocrx_word' id='word_1_85' title='bbox 519 1948 628 2014; x_wconf 89' lang='lat' dir='ltr'><strong>seculo</strong></span> <span class='ocrx_word' id='word_1_86' title='bbox 657 1947 729 2036; x_wconf 87' lang='lat'><strong>(7),</strong></span> <span class='ocrx_word' id='word_1_87' title='bbox 767 1969 842 2014; x_wconf 91' lang='lat' dir='ltr'><strong>cum</strong></span> <span class='ocrx_word' id='word_1_88' title='bbox 870 1948 967 2012; x_wconf 85' lang='lat' dir='ltr'><strong>etiam</strong></span> <span class='ocrx_word' id='word_1_89' title='bbox 993 1948 1115 2016; x_wconf 89' lang='lat' dir='ltr'><strong>boote</strong></span> <span class='ocrx_word' id='word_1_90' title='bbox 1142 1946 1195 2016; x_wconf 89' lang='lat' dir='ltr'><strong>de·</strong></span> 
     </span>
     <span class='ocr_line' id='line_1_14' title="bbox 168 2063 1196 2159; baseline 0.003 -29"><span class='ocrx_word' id='word_1_91' title='bbox 168 2063 322 2130; x_wconf 85' lang='lat' dir='ltr'><strong>siderasse</strong></span> <span class='ocrx_word' id='word_1_92' title='bbox 356 2082 389 2132; x_wconf 92' lang='lat' dir='ltr'><strong>et</strong></span> <span class='ocrx_word' id='word_1_93' title='bbox 423 2089 557 2159; x_wconf 79' lang='lat' dir='ltr'><strong>poscere</strong></span> <span class='ocrx_word' id='word_1_94' title='bbox 589 2066 743 2134; x_wconf 85' lang='lat' dir='ltr'><strong>intellexi.</strong></span> <span class='ocrx_word' id='word_1_95' title='bbox 797 2063 951 2132; x_wconf 86' lang='lat' dir='ltr'><strong>Gravatus</strong></span> <span class='ocrx_word' id='word_1_96' title='bbox 986 2064 1117 2153; x_wconf 88' lang='lat' dir='ltr'><strong>quidem</strong></span> <span class='ocrx_word' id='word_1_97' title='bbox 1148 2083 1196 2132; x_wconf 89' lang='lat' dir='ltr'><strong>est</strong></span> 
     </span>
     <span class='ocr_line' id='line_1_15' title="bbox 169 2180 1196 2273; baseline 0.003 -25"><span class='ocrx_word' id='word_1_98' title='bbox 169 2180 355 2248; x_wconf 87' lang='lat' dir='ltr'><strong>infirmitate</strong></span> <span class='ocrx_word' id='word_1_99' title='bbox 377 2185 516 2250; x_wconf 85' lang='lat' dir='ltr'><strong>maxima</strong></span> <span class='ocrx_word' id='word_1_100' title='bbox 541 2183 589 2273; x_wconf 91' lang='grc'><strong>(8)</strong></span> <span class='ocrx_word' id='word_1_101' title='bbox 620 2184 809 2250; x_wconf 86' lang='lat' dir='ltr'><strong>creberrimi</strong></span> <span class='ocrx_word' id='word_1_102' title='bbox 834 2182 1009 2265; x_wconf 84' lang='lat' dir='ltr'><strong>anhelitus,</strong></span> <span class='ocrx_word' id='word_1_103' title='bbox 1042 2183 1111 2248; x_wconf 87' lang='lat' dir='ltr'><strong>sine</strong></span> <span class='ocrx_word' id='word_1_104' title='bbox 1135 2183 1196 2251; x_wconf 93' lang='lat' dir='ltr'><strong>do·</strong></span> 
     </span>
     <span class='ocr_line' id='line_1_16' title="bbox 169 2297 1193 2389; baseline 0.005 -25"><span class='ocrx_word' id='word_1_105' title='bbox 169 2297 239 2364; x_wconf 89' lang='lat' dir='ltr'><strong>lore</strong></span> <span class='ocrx_word' id='word_1_106' title='bbox 261 2315 371 2366; x_wconf 88' lang='lat' dir='ltr'><strong>tamen</strong></span> <span class='ocrx_word' id='word_1_107' title='bbox 395 2300 466 2389; x_wconf 88' lang='lat'><strong>(9),</strong></span> <span class='ocrx_word' id='word_1_108' title='bbox 497 2317 570 2366; x_wconf 89' lang='lat' dir='ltr'><strong>ante</strong></span> <span class='ocrx_word' id='word_1_109' title='bbox 599 2301 686 2368; x_wconf 91' lang='lat' dir='ltr'><strong>diem</strong></span> <span class='ocrx_word' id='word_1_110' title='bbox 710 2301 964 2368; x_wconf 83' lang='lat' dir='ltr'><strong>Resurrectionis</strong></span> <span class='ocrx_word' id='word_1_111' title='bbox 990 2299 1193 2385; x_wconf 84' lang='lat' dir='ltr'><strong>dominicae,</strong></span> 
     </span>
     <span class='ocr_line' id='line_1_17' title="bbox 168 2414 1196 2506; baseline 0.006 -26"><span class='ocrx_word' id='word_1_112' title='bbox 168 2414 205 2480; x_wconf 90' lang='lat' dir='ltr'><strong>id</strong></span> <span class='ocrx_word' id='word_1_113' title='bbox 223 2433 290 2500; x_wconf 90' lang='lat' dir='ltr'><strong>est,</strong></span> <span class='ocrx_word' id='word_1_114' title='bbox 315 2417 383 2482; x_wconf 87' lang='lat' dir='ltr'><strong>fere</strong></span> <span class='ocrx_word' id='word_1_115' title='bbox 404 2416 525 2484; x_wconf 87' lang='lat' dir='ltr'><strong>duabus</strong></span> <span class='ocrx_word' id='word_1_116' title='bbox 546 2415 816 2502; x_wconf 82' lang='lat' dir='ltr'><strong>hebdomadibus3</strong></span> <span class='ocrx_word' id='word_1_117' title='bbox 841 2433 874 2485; x_wconf 88' lang='lat' dir='ltr'><strong>et</strong></span> <span class='ocrx_word' id='word_1_118' title='bbox 897 2421 942 2484; x_wconf 88' lang='lat' dir='ltr'><strong>sic</strong></span> <span class='ocrx_word' id='word_1_119' title='bbox 963 2434 1075 2506; x_wconf 86' lang='lat' dir='ltr'><strong>postea</strong></span> <span class='ocrx_word' id='word_1_120' title='bbox 1095 2419 1196 2486; x_wconf 85' lang='lat' dir='ltr'><strong>laetus</strong></span> 
     </span>
     <span class='ocr_line' id='line_1_18' title="bbox 168 2533 1196 2626; baseline 0.007 -28"><span class='ocrx_word' id='word_1_121' title='bbox 168 2548 212 2598; x_wconf 78' lang='lat' dir='ltr'><strong>et·</strong></span> <span class='ocrx_word' id='word_1_122' title='bbox 230 2533 390 2624; x_wconf 81' lang='lat' dir='ltr'><strong>gaudens,</strong></span> <span class='ocrx_word' id='word_1_123' title='bbox 425 2537 604 2625; x_wconf 80' lang='lat' dir='ltr'><strong>gratiasque</strong></span> <span class='ocrx_word' id='word_1_124' title='bbox 639 2559 735 2626; x_wconf 83' lang='lat' dir='ltr'><strong>agens</strong></span> <span class='ocrx_word' id='word_1_125' title='bbox 763 2535 977 2623; x_wconf 88' lang='lat' dir='ltr'><strong>omnipotenti</strong></span> <span class='ocrx_word' id='word_1_126' title='bbox 1007 2533 1079 2600; x_wconf 92' lang='lat' dir='ltr'><strong>Deo</strong></span> <span class='ocrx_word' id='word_1_127' title='bbox 1105 2538 1196 2604; x_wconf 89' lang='lat' dir='ltr'><strong>omni</strong></span> 
     </span>
     <span class='ocr_line' id='line_1_19' title="bbox 167 2649 1194 2742; baseline 0.004 -26"><span class='ocrx_word' id='word_1_128' title='bbox 167 2649 223 2718; x_wconf 91' lang='lat' dir='ltr'><strong>die</strong></span> <span class='ocrx_word' id='word_1_129' title='bbox 256 2669 289 2718; x_wconf 94' lang='lat' dir='ltr'><strong>et</strong></span> <span class='ocrx_word' id='word_1_130' title='bbox 318 2668 436 2736; x_wconf 88' lang='lat' dir='ltr'><strong>nocte,</strong></span> <span class='ocrx_word' id='word_1_131' title='bbox 469 2653 571 2718; x_wconf 92' lang='lat' dir='ltr'><strong>immo</strong></span> <span class='ocrx_word' id='word_1_132' title='bbox 606 2653 694 2720; x_wconf 85' lang='lat' dir='ltr'><strong>boris</strong></span> <span class='ocrx_word' id='word_1_133' title='bbox 723 2653 872 2721; x_wconf 84' lang='lat' dir='ltr'><strong>omnibus</strong></span> <span class='ocrx_word' id='word_1_134' title='bbox 904 2676 1004 2742; x_wconf 87' lang='lat' dir='ltr'><strong>usque</strong></span> <span class='ocrx_word' id='word_1_135' title='bbox 1038 2653 1079 2718; x_wconf 89' lang='lat' dir='ltr'><strong>ad</strong></span> <span class='ocrx_word' id='word_1_136' title='bbox 1109 2653 1194 2722; x_wconf 90' lang='lat' dir='ltr'><strong>diem</strong></span> 
     </span>
    </p>
   </div>
   <div class='ocr_carea' id='block_1_4' title="bbox 155 2939 1195 4258">
    <p class='ocr_par' dir='ltr' id='par_1_5' title="bbox 155 2939 1195 3011">
     <span class='ocr_line' id='line_1_20' title="bbox 155 2939 1195 3011; baseline 0.004 -19"><span class='ocrx_word' id='word_1_137' title='bbox 155 2947 157 2950; x_wconf 85' lang='grc'><strong>’</strong></span> <span class='ocrx_word' id='word_1_138' title='bbox 206 2940 249 3011; x_wconf 93' lang='lat' dir='ltr'><strong>(l)</strong></span> <span class='ocrx_word' id='word_1_139' title='bbox 269 2941 330 2994; x_wconf 82' lang='lat' dir='ltr'><strong>l&#39;uit</strong></span> <span class='ocrx_word' id='word_1_140' title='bbox 354 2943 401 2994; x_wconf 92' lang='lat' dir='ltr'><strong>ille</strong></span> <span class='ocrx_word' id='word_1_141' title='bbox 431 2956 592 2996; x_wconf 84' lang='lat' dir='ltr'><strong>onrnnrnrns</strong></span> <span class='ocrx_word' id='word_1_142' title='bbox 613 2951 702 3010; x_wconf 87' lang='lat' dir='ltr'><strong>postea</strong></span> <span class='ocrx_word' id='word_1_143' title='bbox 724 2939 811 2992; x_wconf 75' lang='lat' dir='ltr'><strong>Abbns</strong></span> <span class='ocrx_word' id='word_1_144' title='bbox 832 2940 951 3010; x_wconf 84' lang='lat' dir='ltr'><strong>ejusdem</strong></span> <span class='ocrx_word' id='word_1_145' title='bbox 974 2945 1142 3007; x_wconf 86' lang='lat' dir='ltr'><strong>monasterii,</strong></span> <span class='ocrx_word' id='word_1_146' title='bbox 1168 2956 1195 2996; x_wconf 88' lang='lat' dir='ltr'><strong>et</strong></span> 
     </span>
    </p>

    <p class='ocr_par' dir='ltr' id='par_1_6' title="bbox 273 3024 1194 3097">
     <span class='ocr_line' id='line_1_21' title="bbox 273 3024 1194 3097; baseline 0.001 -18"><span class='ocrx_word' id='word_1_147' title='bbox 273 3025 342 3080; x_wconf 83' lang='lat' dir='ltr'><strong>beas</strong></span> <span class='ocrx_word' id='word_1_148' title='bbox 363 3024 563 3094; x_wconf 62' lang='lat' dir='ltr'><strong>distinguendus</strong></span> <span class='ocrx_word' id='word_1_149' title='bbox 583 3033 623 3084; x_wconf 81' lang='lat' dir='ltr'><strong>eet</strong></span> <span class='ocrx_word' id='word_1_150' title='bbox 643 3042 659 3074; x_wconf 85' lang='lat' dir='ltr'><strong>a</strong></span> <span class='ocrx_word' id='word_1_151' title='bbox 679 3037 827 3086; x_wconf 75' lang='lat' dir='ltr'><strong>onrnsrnro</strong></span> <span class='ocrx_word' id='word_1_152' title='bbox 848 3026 1100 3097; x_wconf 76' lang='lat' dir='ltr'><strong>antiquiori‚·oujns</strong></span> <span class='ocrx_word' id='word_1_153' title='bbox 1112 3029 1194 3080; x_wconf 77' lang='lat' dir='ltr'><strong>ritem</strong></span> 
     </span>
    </p>

    <p class='ocr_par' dir='ltr' id='par_1_7' title="bbox 202 3105 1193 3339">
     <span class='ocr_line' id='line_1_22' title="bbox 202 3105 1193 3178; baseline 0.009 -23"><span class='ocrx_word' id='word_1_154' title='bbox 202 3137 205 3144; x_wconf 88' lang='lat'><strong>.</strong></span> <span class='ocrx_word' id='word_1_155' title='bbox 272 3116 330 3156; x_wconf 88' lang='lat' dir='ltr'><strong>tum</strong></span> <span class='ocrx_word' id='word_1_156' title='bbox 349 3105 428 3174; x_wconf 69' lang='lat' dir='ltr'><strong>ligate</strong></span> <span class='ocrx_word' id='word_1_157' title='bbox 443 3117 500 3156; x_wconf 85' lang='lat' dir='ltr'><strong>tum</strong></span> <span class='ocrx_word' id='word_1_158' title='bbox 521 3106 602 3158; x_wconf 86' lang='lat' dir='ltr'><strong>solute</strong></span> <span class='ocrx_word' id='word_1_159' title='bbox 620 3107 735 3158; x_wconf 75' lang='lat' dir='ltr'><strong>oratione</strong></span> <span class='ocrx_word' id='word_1_160' title='bbox 750 3107 852 3176; x_wconf 81' lang='lat' dir='ltr'><strong>scripsit</strong></span> <span class='ocrx_word' id='word_1_161' title='bbox 866 3122 939 3162; x_wconf 76' lang='lat' dir='ltr'><strong>erte.</strong></span> <span class='ocrx_word' id='word_1_162' title='bbox 970 3107 1085 3178; x_wconf 86' lang='lat' dir='ltr'><strong>Operum</strong></span> <span class='ocrx_word' id='word_1_163' title='bbox 1099 3110 1193 3164; x_wconf 85' lang='lat' dir='ltr'><strong>Colon.</strong></span> 
     </span>
     <span class='ocr_line' id='line_1_23' title="bbox 275 3187 1193 3261; baseline 0.009 -21"><span class='ocrx_word' id='word_1_164' title='bbox 275 3188 339 3240; x_wconf 87' lang='lat' dir='ltr'><strong>edit.</strong></span> <span class='ocrx_word' id='word_1_165' title='bbox 361 3188 430 3240; x_wconf 80' lang='lat'>1612</span> <span class='ocrx_word' id='word_1_166' title='bbox 452 3187 528 3239; x_wconf 81' lang='lat' dir='ltr'><strong>Tom.</strong></span> <span class='ocrx_word' id='word_1_167' title='bbox 549 3189 598 3246; x_wconf 85' lang='lat'><strong>111.</strong></span> <span class='ocrx_word' id='word_1_168' title='bbox 617 3207 679 3258; x_wconf 73' lang='lat' dir='ltr'><strong>pag.</strong></span> <span class='ocrx_word' id='word_1_169' title='bbox 702 3190 761 3242; x_wconf 75' lang='lat'><strong>152.</strong></span> <span class='ocrx_word' id='word_1_170' title='bbox 796 3192 908 3261; x_wconf 81' lang='lat' dir='ltr'><strong>Utraque</strong></span> <span class='ocrx_word' id='word_1_171' title='bbox 923 3195 1003 3245; x_wconf 84' lang='lat' dir='ltr'><strong>oratio</strong></span> <span class='ocrx_word' id='word_1_172' title='bbox 1018 3197 1151 3250; x_wconf 71' lang='lat' dir='ltr'><strong>invenitur</strong></span> <span class='ocrx_word' id='word_1_173' title='bbox 1164 3199 1193 3248; x_wconf 88' lang='lat' dir='ltr'><strong>in</strong></span> 
     </span>
     <span class='ocr_line' id='line_1_24' title="bbox 274 3270 1158 3339; baseline 0.009 -16"><span class='ocrx_word' id='word_1_174' title='bbox 274 3273 352 3323; x_wconf 76' lang='lat' dir='ltr'><strong>Actis</strong></span> <span class='ocrx_word' id='word_1_175' title='bbox 368 3270 546 3333; x_wconf 81' lang='lat' dir='ltr'><strong>Sanctorum,</strong></span> <span class='ocrx_word' id='word_1_176' title='bbox 569 3281 596 3322; x_wconf 88' lang='lat' dir='ltr'><strong>et</strong></span> <span class='ocrx_word' id='word_1_177' title='bbox 611 3273 737 3324; x_wconf 82' lang='lat' dir='ltr'><strong>recensita</strong></span> <span class='ocrx_word' id='word_1_178' title='bbox 752 3283 927 3339; x_wconf 72' lang='lat' dir='ltr'><strong>esttamen,</strong></span> <span class='ocrx_word' id='word_1_179' title='bbox 944 3275 1065 3330; x_wconf 77' lang='lat' dir='ltr'><strong>Centobr.</strong></span> <span class='ocrx_word' id='word_1_180' title='bbox 1082 3278 1158 3330; x_wconf 79' lang='lat' dir='ltr'><strong>rtet.</strong></span> 
     </span>
    </p>

    <p class='ocr_par' dir='ltr' id='par_1_8' title="bbox 206 3355 1195 3677">
     <span class='ocr_line' id='line_1_25' title="bbox 206 3355 1195 3426; baseline 0.005 -19"><span class='ocrx_word' id='word_1_181' title='bbox 206 3355 248 3425; x_wconf 78' lang='lat'><strong>(2)</strong></span> <span class='ocrx_word' id='word_1_182' title='bbox 268 3355 346 3409; x_wconf 82' lang='lat' dir='ltr'><strong>lle&#39;e&#39;st</strong></span> <span class='ocrx_word' id='word_1_183' title='bbox 366 3355 431 3408; x_wconf 83' lang='lat' dir='ltr'><strong>haec</strong></span> <span class='ocrx_word' id='word_1_184' title='bbox 453 3357 589 3424; x_wconf 88' lang='lat' dir='ltr'><strong>inscriptio</strong></span> <span class='ocrx_word' id='word_1_185' title='bbox 608 3357 637 3407; x_wconf 87' lang='lat' dir='ltr'><strong>in</strong></span> <span class='ocrx_word' id='word_1_186' title='bbox 655 3355 812 3424; x_wconf 84' lang='lat' dir='ltr'><strong>quibusdam</strong></span> <span class='ocrx_word' id='word_1_187' title='bbox 829 3356 921 3420; x_wconf 62' lang='lat' dir='ltr'><strong>HSS„</strong></span> <span class='ocrx_word' id='word_1_188' title='bbox 939 3359 1010 3426; x_wconf 91' lang='lat' dir='ltr'><strong>quod</strong></span> <span class='ocrx_word' id='word_1_189' title='bbox 1022 3360 1129 3412; x_wconf 76' lang='lat' dir='ltr'><strong>sonasse</strong></span> <span class='ocrx_word' id='word_1_190' title='bbox 1145 3378 1195 3412; x_wconf 81' lang='lat' dir='ltr'><strong>ss-</strong></span> 
     </span>
     <span class='ocr_line' id='line_1_26' title="bbox 274 3437 1193 3509; baseline 0.005 -19"><span class='ocrx_word' id='word_1_191' title='bbox 274 3437 426 3492; x_wconf 78' lang='lat' dir='ltr'><strong>retrohanc</strong></span> <span class='ocrx_word' id='word_1_192' title='bbox 432 3438 552 3490; x_wconf 82' lang='lat' dir='ltr'><strong>fraudem</strong></span> <span class='ocrx_word' id='word_1_193' title='bbox 566 3439 640 3503; x_wconf 85' lang='lat' dir='ltr'><strong>fecit,</strong></span> <span class='ocrx_word' id='word_1_194' title='bbox 656 3448 686 3492; x_wconf 87' lang='lat' dir='ltr'><strong>ut</strong></span> <span class='ocrx_word' id='word_1_195' title='bbox 700 3441 884 3505; x_wconf 78' lang='lat' dir='ltr'><strong>ritamsrnsr,</strong></span> <span class='ocrx_word' id='word_1_196' title='bbox 898 3458 989 3509; x_wconf 80' lang='lat' dir='ltr'><strong>quern,</strong></span> <span class='ocrx_word' id='word_1_197' title='bbox 1005 3453 1193 3508; x_wconf 70' lang='lat' dir='ltr'><strong>retinetene,</strong></span> 
     </span>
     <span class='ocr_line' id='line_1_27' title="bbox 272 3521 1195 3597; baseline 0.007 -23"><span class='ocrx_word' id='word_1_198' title='bbox 272 3541 288 3574; x_wconf 84' lang='lat' dir='ltr'><strong>a</strong></span> <span class='ocrx_word' id='word_1_199' title='bbox 307 3536 454 3575; x_wconf 83' lang='lat' dir='ltr'><strong>orrnarrro</strong></span> <span class='ocrx_word' id='word_1_200' title='bbox 479 3521 579 3574; x_wconf 79' lang='lat' dir='ltr'><strong>Abbate</strong></span> <span class='ocrx_word' id='word_1_201' title='bbox 594 3523 750 3592; x_wconf 79' lang='lat' dir='ltr'><strong>descriptam</strong></span> <span class='ocrx_word' id='word_1_202' title='bbox 765 3539 820 3576; x_wconf 85' lang='lat' dir='ltr'><strong>esse</strong></span> <span class='ocrx_word' id='word_1_203' title='bbox 835 3524 951 3590; x_wconf 83' lang='lat' dir='ltr'><strong>diceret,</strong></span> <span class='ocrx_word' id='word_1_204' title='bbox 969 3527 1079 3594; x_wconf 84' lang='lat' dir='ltr'><strong>periisse</strong></span> <span class='ocrx_word' id='word_1_205' title='bbox 1093 3525 1195 3597; x_wconf 78' lang='lat' dir='ltr'><strong>lugeret</strong></span> 
     </span>
     <span class='ocr_line' id='line_1_28' title="bbox 275 3604 1082 3677; baseline 0.006 -22"><span class='ocrx_word' id='word_1_206' title='bbox 275 3606 304 3656; x_wconf 91' lang='lat' dir='ltr'><strong>in</strong></span> <span class='ocrx_word' id='word_1_207' title='bbox 319 3607 393 3656; x_wconf 77' lang='lat' dir='ltr'><strong>Aen.</strong></span> <span class='ocrx_word' id='word_1_208' title='bbox 408 3604 428 3656; x_wconf 97' lang='lat' dir='ltr'><strong>l.</strong></span> <span class='ocrx_word' id='word_1_209' title='bbox 441 3605 461 3656; x_wconf 93' lang='lat' dir='ltr'><strong>l.</strong></span> <span class='ocrx_word' id='word_1_210' title='bbox 476 3624 537 3676; x_wconf 74' lang='lat' dir='ltr'><strong>pag.</strong></span> <span class='ocrx_word' id='word_1_211' title='bbox 555 3607 615 3670; x_wconf 66' lang='lat'><strong>147,</strong></span> <span class='ocrx_word' id='word_1_212' title='bbox 634 3605 705 3668; x_wconf 80' lang='lat' dir='ltr'><strong>lldit.</strong></span> <span class='ocrx_word' id='word_1_213' title='bbox 720 3621 779 3660; x_wconf 79' lang='lat' dir='ltr'><strong>retr</strong></span> <span class='ocrx_word' id='word_1_214' title='bbox 795 3605 870 3659; x_wconf 73' lang='lat' dir='ltr'><strong>lom.</strong></span> <span class='ocrx_word' id='word_1_215' title='bbox 886 3607 931 3670; x_wconf 79' lang='lat' dir='ltr'><strong>lx.</strong></span> <span class='ocrx_word' id='word_1_216' title='bbox 944 3626 1004 3677; x_wconf 71' lang='lat' dir='ltr'><strong>pag.</strong></span> <span class='ocrx_word' id='word_1_217' title='bbox 1023 3609 1082 3662; x_wconf 72' lang='grc'><strong>134.</strong></span> 
     </span>
    </p>

    <p class='ocr_par' dir='ltr' id='par_1_9' title="bbox 207 3687 1109 3761">
     <span class='ocr_line' id='line_1_29' title="bbox 207 3687 1109 3761; baseline 0.006 -21"><span class='ocrx_word' id='word_1_218' title='bbox 207 3687 251 3756; x_wconf 78' lang='grc'><strong>(3)</strong></span> <span class='ocrx_word' id='word_1_219' title='bbox 270 3689 389 3740; x_wconf 81' lang='lat' dir='ltr'><strong>Multum</strong></span> <span class='ocrx_word' id='word_1_220' title='bbox 404 3689 520 3742; x_wconf 75' lang='lat' dir='ltr'><strong>libenter.</strong></span> <span class='ocrx_word' id='word_1_221' title='bbox 538 3705 594 3742; x_wconf 85' lang='grc' dir='ltr'><strong>ιιι.</strong></span> <span class='ocrx_word' id='word_1_222' title='bbox 608 3700 635 3746; x_wconf 84' lang='lat' dir='ltr'><strong>et</strong></span> <span class='ocrx_word' id='word_1_223' title='bbox 649 3705 707 3748; x_wconf 76' lang='lat' dir='ltr'><strong>aar,</strong></span> <span class='ocrx_word' id='word_1_224' title='bbox 744 3689 793 3742; x_wconf 88' lang='lat' dir='ltr'><strong>Pro</strong></span> <span class='ocrx_word' id='word_1_225' title='bbox 807 3694 911 3758; x_wconf 76' lang='lat' dir='ltr'><strong>accepi,</strong></span> <span class='ocrx_word' id='word_1_226' title='bbox 928 3695 1037 3761; x_wconf 76' lang='lat' dir='ltr'><strong>suscepi.</strong></span> <span class='ocrx_word' id='word_1_227' title='bbox 1052 3707 1109 3746; x_wconf 85' lang='grc' dir='ltr'><strong>ιιι.</strong></span> 
     </span>
    </p>

    <p class='ocr_par' dir='ltr' id='par_1_10' title="bbox 206 3770 879 3839">
     <span class='ocr_line' id='line_1_30' title="bbox 206 3770 879 3839; baseline 0.004 -16"><span class='ocrx_word' id='word_1_228' title='bbox 206 3770 248 3839; x_wconf 76' lang='lat' dir='ltr'><strong>(l)</strong></span> <span class='ocrx_word' id='word_1_229' title='bbox 268 3771 316 3823; x_wconf 88' lang='lat' dir='ltr'><strong>Pro</strong></span> <span class='ocrx_word' id='word_1_230' title='bbox 330 3773 437 3823; x_wconf 82' lang='lat' dir='ltr'><strong>devotae</strong></span> <span class='ocrx_word' id='word_1_231' title='bbox 451 3774 623 3837; x_wconf 77' lang='lat' dir='ltr'><strong>emditionie,</strong></span> <span class='ocrx_word' id='word_1_232' title='bbox 641 3773 794 3825; x_wconf 77' lang='lat' dir='ltr'><strong>devolionis.</strong></span> <span class='ocrx_word' id='word_1_233' title='bbox 817 3773 879 3836; x_wconf 79' lang='lat' dir='ltr'><strong>Bsp.</strong></span> 
     </span>
    </p>

    <p class='ocr_par' dir='ltr' id='par_1_11' title="bbox 208 3854 1125 3926">
     <span class='ocr_line' id='line_1_31' title="bbox 208 3854 1125 3926; baseline 0.002 -18"><span class='ocrx_word' id='word_1_234' title='bbox 208 3854 251 3923; x_wconf 82' lang='lat' dir='ltr'><strong>(t)</strong></span> <span class='ocrx_word' id='word_1_235' title='bbox 271 3859 397 3907; x_wconf 74' lang='lat' dir='ltr'><strong>Petraeo</strong></span> <span class='ocrx_word' id='word_1_236' title='bbox 410 3855 564 3926; x_wconf 84' lang='lat' dir='ltr'><strong>de&#39;e&#39;stepud</strong></span> <span class='ocrx_word' id='word_1_237' title='bbox 578 3872 634 3910; x_wconf 87' lang='grc' dir='ltr'><strong>ιιι.</strong></span> <span class='ocrx_word' id='word_1_238' title='bbox 670 3857 718 3910; x_wconf 82' lang='grc' dir='ltr'><strong>Ριο</strong></span> <span class='ocrx_word' id='word_1_239' title='bbox 733 3858 886 3924; x_wconf 80' lang='lat' dir='ltr'><strong>diligenter,</strong></span> <span class='ocrx_word' id='word_1_240' title='bbox 904 3860 1051 3926; x_wconf 75' lang='lat' dir='ltr'><strong>ims&#39;gnr&#39;ter.</strong></span> <span class='ocrx_word' id='word_1_241' title='bbox 1068 3874 1125 3910; x_wconf 77' lang='lat' dir='ltr'><strong>aar.</strong></span> 
     </span>
    </p>

    <p class='ocr_par' dir='ltr' id='par_1_12' title="bbox 206 3939 674 4007">
     <span class='ocr_line' id='line_1_32' title="bbox 206 3939 674 4007; baseline 0 -15"><span class='ocrx_word' id='word_1_242' title='bbox 206 3939 251 4007; x_wconf 86' lang='grc'><strong>(6)</strong></span> <span class='ocrx_word' id='word_1_243' title='bbox 275 3942 359 4002; x_wconf 75' lang='lat' dir='ltr'><strong>Quaen</strong></span> <span class='ocrx_word' id='word_1_244' title='bbox 366 3941 458 4006; x_wconf 75' lang='lat' dir='ltr'><strong>frenes</strong></span> <span class='ocrx_word' id='word_1_245' title='bbox 472 3943 588 4006; x_wconf 76' lang='lat' dir='ltr'><strong>ingenio.</strong></span> <span class='ocrx_word' id='word_1_246' title='bbox 613 3941 674 3993; x_wconf 74' lang='lat' dir='ltr'><strong>arn.</strong></span> 
     </span>
    </p>

    <p class='ocr_par' dir='ltr' id='par_1_13' title="bbox 207 4022 611 4090">
     <span class='ocr_line' id='line_1_33' title="bbox 207 4022 611 4090; baseline 0 -16"><span class='ocrx_word' id='word_1_247' title='bbox 207 4022 251 4090; x_wconf 90' lang='grc'><strong>(7)</strong></span> <span class='ocrx_word' id='word_1_248' title='bbox 271 4022 319 4074; x_wconf 88' lang='lat' dir='ltr'><strong>Pro</strong></span> <span class='ocrx_word' id='word_1_249' title='bbox 336 4023 438 4086; x_wconf 71' lang='lat' dir='ltr'><strong>mettio,</strong></span> <span class='ocrx_word' id='word_1_250' title='bbox 457 4026 524 4074; x_wconf 76' lang='lat' dir='ltr'><strong>vita.</strong></span> <span class='ocrx_word' id='word_1_251' title='bbox 548 4023 611 4074; x_wconf 75' lang='lat' dir='ltr'><strong>Lat.</strong></span> 
     </span>
    </p>

    <p class='ocr_par' dir='ltr' id='par_1_14' title="bbox 206 4105 638 4174">
     <span class='ocr_line' id='line_1_34' title="bbox 206 4105 638 4174; baseline 0 -16"><span class='ocrx_word' id='word_1_252' title='bbox 206 4105 249 4174; x_wconf 86' lang='grc'><strong>(8)</strong></span> <span class='ocrx_word' id='word_1_253' title='bbox 266 4107 311 4162; x_wconf 64' lang='lat' dir='ltr'><strong>et</strong></span> <span class='ocrx_word' id='word_1_254' title='bbox 322 4109 442 4160; x_wconf 70' lang='lat' dir='ltr'><strong>manime.</strong></span> <span class='ocrx_word' id='word_1_255' title='bbox 465 4105 530 4163; x_wconf 79' lang='lat' dir='ltr'><strong>Lat.</strong></span> <span class='ocrx_word' id='word_1_256' title='bbox 541 4117 568 4158; x_wconf 89' lang='lat' dir='ltr'><strong>et</strong></span> <span class='ocrx_word' id='word_1_257' title='bbox 582 4121 638 4160; x_wconf 78' lang='lat' dir='ltr'><strong>ean.</strong></span> 
     </span>
    </p>

    <p class='ocr_par' dir='ltr' id='par_1_15' title="bbox 205 4189 716 4258">
     <span class='ocr_line' id='line_1_35' title="bbox 205 4189 716 4258; baseline -0.002 -17"><span class='ocrx_word' id='word_1_258' title='bbox 205 4189 249 4258; x_wconf 81' lang='lat' dir='ltr'><strong>(a)</strong></span> <span class='ocrx_word' id='word_1_259' title='bbox 272 4191 324 4242; x_wconf 84' lang='lat' dir='ltr'><strong>Sed</strong></span> <span class='ocrx_word' id='word_1_260' title='bbox 337 4195 424 4242; x_wconf 78' lang='lat' dir='ltr'><strong>temen</strong></span> <span class='ocrx_word' id='word_1_261' title='bbox 434 4207 498 4256; x_wconf 79' lang='lat' dir='ltr'><strong>pene</strong></span> <span class='ocrx_word' id='word_1_262' title='bbox 514 4193 568 4242; x_wconf 79' lang='lat' dir='ltr'><strong>elne</strong></span> <span class='ocrx_word' id='word_1_263' title='bbox 582 4190 632 4242; x_wconf 84' lang='lat' dir='ltr'><strong>dol.</strong></span> <span class='ocrx_word' id='word_1_264' title='bbox 656 4190 716 4240; x_wconf 76' lang='lat' dir='ltr'><strong>Bm.</strong></span> 
     </span>
    </p>
   </div>
   <div class='ocr_carea' id='block_1_5' title="bbox 0 0 1454 5278">
    <p class='ocr_par' dir='ltr' id='par_1_16' title="bbox 0 0 1454 5278">
     <span class='ocr_line' id='line_1_36' title="bbox 0 0 1454 5278; baseline 0 0"><span class='ocrx_word' id='word_1_265' title='bbox 0 0 1454 5278; x_wconf 95' lang='lat' dir='ltr'><strong> </strong></span> 
     </span>
    </p>
   </div>
  </div>
 </body>
</html>
