<?xml version="1.0" encoding="UTF-8"?>
<!DOCTYPE html PUBLIC "-//W3C//DTD XHTML 1.0 Transitional//EN"
    "http://www.w3.org/TR/xhtml1/DTD/xhtml1-transitional.dtd">
<html xmlns="http://www.w3.org/1999/xhtml" xml:lang="en" lang="en">
 <head>
  <title>
</title>
<meta http-equiv="Content-Type" content="text/html;charset=utf-8" />
  <meta name='ocr-system' content='tesseract 3.04.00' />
  <meta name='ocr-capabilities' content='ocr_page ocr_carea ocr_par ocr_line ocrx_word'/>
</head>
<body>
  <div class='ocr_page' id='page_1' title='image "./disputatiohisto00gehlgoog_0122.png"; bbox 0 0 2918 5284; ppageno 0'>
   <div class='ocr_carea' id='block_1_1' title="bbox 732 485 795 552">
    <p class='ocr_par' dir='ltr' id='par_1_1' title="bbox 732 485 795 552">
     <span class='ocr_line' id='line_1_1' title="bbox 732 485 795 552; baseline 0 0"><span class='ocrx_word' id='word_1_1' title='bbox 732 485 795 552; x_wconf 85' lang='lat' dir='ltr'><strong>tto</strong></span> 
     </span>
    </p>
   </div>
   <div class='ocr_carea' id='block_1_2' title="bbox 246 657 1276 1348">
    <p class='ocr_par' dir='ltr' id='par_1_2' title="bbox 246 657 1276 1348">
     <span class='ocr_line' id='line_1_2' title="bbox 251 657 1274 756; baseline -0.014 -20"><span class='ocrx_word' id='word_1_2' title='bbox 251 684 348 752; x_wconf 80' lang='lat' dir='ltr'><strong>vero,</strong></span> <span class='ocrx_word' id='word_1_3' title='bbox 378 666 465 756; x_wconf 79' lang='lat' dir='ltr'><strong>qsrod</strong></span> <span class='ocrx_word' id='word_1_4' title='bbox 485 668 585 732; x_wconf 92' lang='lat' dir='ltr'><strong>libros</strong></span> <span class='ocrx_word' id='word_1_5' title='bbox 602 668 670 752; x_wconf 79' lang='lat' dir='ltr'><strong>jum</strong></span> <span class='ocrx_word' id='word_1_6' title='bbox 692 663 796 730; x_wconf 89' lang='lat' dir='ltr'><strong>editos</strong></span> <span class='ocrx_word' id='word_1_7' title='bbox 821 662 959 746; x_wconf 86' lang='lat' dir='ltr'><strong>adtinet,</strong></span> <span class='ocrx_word' id='word_1_8' title='bbox 984 661 1025 727; x_wconf 89' lang='lat' dir='ltr'><strong>ab</strong></span> <span class='ocrx_word' id='word_1_9' title='bbox 1053 657 1179 726; x_wconf 82' lang='lat' dir='ltr'><strong>editore</strong></span> <span class='ocrx_word' id='word_1_10' title='bbox 1196 678 1274 752; x_wconf 81' lang='lat' dir='ltr'><strong>ope.</strong></span> 
     </span>
     <span class='ocr_line' id='line_1_3' title="bbox 250 778 1276 875; baseline -0.007 -20"><span class='ocrx_word' id='word_1_11' title='bbox 250 811 322 854; x_wconf 80' lang='lat' dir='ltr'><strong>rum</strong></span> <span class='ocrx_word' id='word_1_12' title='bbox 348 810 453 854; x_wconf 73' lang='lat' dir='ltr'><strong>naum</strong></span> <span class='ocrx_word' id='word_1_13' title='bbox 478 787 611 852; x_wconf 89' lang='lat' dir='ltr'><strong>omnino</strong></span> <span class='ocrx_word' id='word_1_14' title='bbox 642 783 858 875; x_wconf 89' lang='lat' dir='ltr'><strong>inspiciendos</strong></span> <span class='ocrx_word' id='word_1_15' title='bbox 886 799 924 850; x_wconf 83' lang='lat' dir='ltr'><strong>et</strong></span> <span class='ocrx_word' id='word_1_16' title='bbox 950 778 1162 848; x_wconf 85' lang='lat' dir='ltr'><strong>consulendos</strong></span> <span class='ocrx_word' id='word_1_17' title='bbox 1188 803 1276 866; x_wconf 85' lang='lat' dir='ltr'><strong>esse,</strong></span> 
     </span>
     <span class='ocr_line' id='line_1_4' title="bbox 250 899 1274 994; baseline -0.004 -24"><span class='ocrx_word' id='word_1_18' title='bbox 250 927 318 972; x_wconf 88' lang='lat' dir='ltr'><strong>non</strong></span> <span class='ocrx_word' id='word_1_19' title='bbox 336 927 417 994; x_wconf 90' lang='lat' dir='ltr'><strong>opus</strong></span> <span class='ocrx_word' id='word_1_20' title='bbox 433 920 488 970; x_wconf 87' lang='lat' dir='ltr'><strong>est:</strong></span> <span class='ocrx_word' id='word_1_21' title='bbox 500 902 587 992; x_wconf 87' lang='lat' dir='ltr'><strong>quod</strong></span> <span class='ocrx_word' id='word_1_22' title='bbox 602 902 762 986; x_wconf 85' lang='lat' dir='ltr'><strong>dicamus,</strong></span> <span class='ocrx_word' id='word_1_23' title='bbox 781 925 842 968; x_wconf 85' lang='lat' dir='ltr'><strong>nec</strong></span> <span class='ocrx_word' id='word_1_24' title='bbox 861 917 968 966; x_wconf 86' lang='lat' dir='ltr'><strong>tamen</strong></span> <span class='ocrx_word' id='word_1_25' title='bbox 983 901 1060 965; x_wconf 88' lang='lat' dir='ltr'><strong>hinc</strong></span> <span class='ocrx_word' id='word_1_26' title='bbox 1073 899 1143 966; x_wconf 90' lang='lat' dir='ltr'><strong>sine</strong></span> <span class='ocrx_word' id='word_1_27' title='bbox 1159 915 1274 966; x_wconf 79' lang='lat' dir='ltr'><strong>exacto</strong></span> 
     </span>
     <span class='ocr_line' id='line_1_5' title="bbox 246 1017 1276 1110; baseline -0.004 -24"><span class='ocrx_word' id='word_1_28' title='bbox 246 1020 369 1109; x_wconf 84' lang='lat' dir='ltr'><strong>judicio</strong></span> <span class='ocrx_word' id='word_1_29' title='bbox 391 1020 511 1110; x_wconf 89' lang='lat' dir='ltr'><strong>aliquid</strong></span> <span class='ocrx_word' id='word_1_30' title='bbox 531 1019 723 1088; x_wconf 88' lang='lat' dir='ltr'><strong>sumendum</strong></span> <span class='ocrx_word' id='word_1_31' title='bbox 748 1036 811 1104; x_wconf 85' lang='lat' dir='ltr'><strong>est,</strong></span> <span class='ocrx_word' id='word_1_32' title='bbox 836 1017 924 1108; x_wconf 89' lang='lat' dir='ltr'><strong>quod</strong></span> <span class='ocrx_word' id='word_1_33' title='bbox 951 1039 1056 1084; x_wconf 74' lang='lat' dir='ltr'><strong>nanta</strong></span> <span class='ocrx_word' id='word_1_34' title='bbox 1084 1017 1276 1082; x_wconf 80' lang='lat' dir='ltr'><strong>nominoio</strong></span> 
     </span>
     <span class='ocr_line' id='line_1_6' title="bbox 250 1135 1273 1230; baseline -0.008 -22"><span class='ocrx_word' id='word_1_35' title='bbox 250 1140 356 1208; x_wconf 77' lang='lat' dir='ltr'><strong>lucen</strong></span> <span class='ocrx_word' id='word_1_36' title='bbox 379 1139 572 1230; x_wconf 84' lang='lat' dir='ltr'><strong>proferatur.</strong></span> <span class='ocrx_word' id='word_1_37' title='bbox 619 1139 738 1214; x_wconf 86' lang='lat' dir='ltr'><strong>Multas</strong></span> <span class='ocrx_word' id='word_1_38' title='bbox 763 1138 883 1228; x_wconf 81' lang='lat' dir='ltr'><strong>quippe</strong></span> <span class='ocrx_word' id='word_1_39' title='bbox 905 1137 1137 1202; x_wconf 79' lang='lat' dir='ltr'><strong>cautionesres</strong></span> <span class='ocrx_word' id='word_1_40' title='bbox 1158 1135 1273 1219; x_wconf 80' lang='lat' dir='ltr'><strong>babet,</strong></span> 
     </span>
     <span class='ocr_line' id='line_1_7' title="bbox 250 1252 1115 1348; baseline -0.008 -24"><span class='ocrx_word' id='word_1_41' title='bbox 250 1281 348 1346; x_wconf 88' lang='lat' dir='ltr'><strong>quum</strong></span> <span class='ocrx_word' id='word_1_42' title='bbox 364 1258 591 1348; x_wconf 84' lang='lat' dir='ltr'><strong>pleronunque</strong></span> <span class='ocrx_word' id='word_1_43' title='bbox 606 1256 685 1324; x_wconf 85' lang='lat' dir='ltr'><strong>fides</strong></span> <span class='ocrx_word' id='word_1_44' title='bbox 700 1255 795 1324; x_wconf 85' lang='lat' dir='ltr'><strong>valde</strong></span> <span class='ocrx_word' id='word_1_45' title='bbox 808 1269 955 1345; x_wconf 85' lang='lat' dir='ltr'><strong>suspecta</strong></span> <span class='ocrx_word' id='word_1_46' title='bbox 968 1255 1010 1320; x_wconf 87' lang='lat' dir='ltr'><strong>sit</strong></span> <span class='ocrx_word' id='word_1_47' title='bbox 1027 1252 1086 1341; x_wconf 75' lang='lat' dir='ltr'><strong>(r).</strong></span> <span class='ocrx_word' id='word_1_48' title='bbox 1113 1311 1115 1316; x_wconf 93' lang='lat'><em>.</em></span> 
     </span>
    </p>
   </div>
   <div class='ocr_carea' id='block_1_3' title="bbox 248 1606 1276 3001">
    <p class='ocr_par' dir='ltr' id='par_1_3' title="bbox 248 1606 1276 3001">
     <span class='ocr_line' id='line_1_8' title="bbox 293 1606 1276 1700; baseline -0.004 -24"><span class='ocrx_word' id='word_1_49' title='bbox 293 1611 364 1676; x_wconf 86' lang='lat' dir='ltr'><strong>Jam</strong></span> <span class='ocrx_word' id='word_1_50' title='bbox 386 1611 550 1677; x_wconf 75' lang='lat' dir='ltr'>recensitis</span> <span class='ocrx_word' id='word_1_51' title='bbox 568 1633 673 1677; x_wconf 76' lang='lat' dir='ltr'><strong>ranas</strong></span> <span class='ocrx_word' id='word_1_52' title='bbox 696 1609 864 1700; x_wconf 80' lang='lat' dir='ltr'><strong>operibus,</strong></span> <span class='ocrx_word' id='word_1_53' title='bbox 893 1606 1105 1672; x_wconf 76' lang='lat' dir='ltr'><strong>admiratione</strong></span> <span class='ocrx_word' id='word_1_54' title='bbox 1126 1606 1276 1696; x_wconf 83' lang='lat' dir='ltr'><strong>profecto</strong></span> 
     </span>
     <span class='ocr_line' id='line_1_9' title="bbox 251 1724 1276 1816; baseline -0.002 -22"><span class='ocrx_word' id='word_1_55' title='bbox 251 1751 310 1794; x_wconf 91' lang='lat' dir='ltr'><strong>nos</strong></span> <span class='ocrx_word' id='word_1_56' title='bbox 333 1725 431 1794; x_wconf 83' lang='lat' dir='ltr'><strong>adfici</strong></span> <span class='ocrx_word' id='word_1_57' title='bbox 447 1730 601 1794; x_wconf 82' lang='lat' dir='ltr'><strong>sentimus</strong></span> <span class='ocrx_word' id='word_1_58' title='bbox 623 1729 702 1812; x_wconf 85' lang='lat' dir='ltr'><strong>viri,</strong></span> <span class='ocrx_word' id='word_1_59' title='bbox 727 1728 801 1816; x_wconf 87' lang='lat' dir='ltr'><strong>qui,</strong></span> <span class='ocrx_word' id='word_1_60' title='bbox 826 1725 970 1815; x_wconf 75' lang='lat' dir='ltr'><strong>quamvis</strong></span> <span class='ocrx_word' id='word_1_61' title='bbox 992 1725 1106 1816; x_wconf 78' lang='lat' dir='ltr'><strong>ignoto</strong></span> <span class='ocrx_word' id='word_1_62' title='bbox 1121 1724 1191 1790; x_wconf 82' lang='lat' dir='ltr'><strong>fere</strong></span> <span class='ocrx_word' id='word_1_63' title='bbox 1211 1741 1276 1792; x_wconf 82' lang='lat' dir='ltr'><strong>teu·</strong></span> 
     </span>
     <span class='ocr_line' id='line_1_10' title="bbox 251 1843 1276 1937; baseline -0.006 -21"><span class='ocrx_word' id='word_1_64' title='bbox 251 1869 359 1916; x_wconf 79' lang='lat' dir='ltr'><strong>ratum</strong></span> <span class='ocrx_word' id='word_1_65' title='bbox 381 1846 499 1937; x_wconf 85' lang='lat' dir='ltr'><strong>angulo</strong></span> <span class='ocrx_word' id='word_1_66' title='bbox 517 1847 635 1930; x_wconf 82' lang='lat' dir='ltr'><strong>latens,</strong></span> <span class='ocrx_word' id='word_1_67' title='bbox 660 1846 805 1937; x_wconf 82' lang='lat' dir='ltr'><strong>plurimis</strong></span> <span class='ocrx_word' id='word_1_68' title='bbox 824 1862 859 1912; x_wconf 87' lang='lat' dir='ltr'><strong>et</strong></span> <span class='ocrx_word' id='word_1_69' title='bbox 873 1867 935 1934; x_wconf 91' lang='lat' dir='ltr'><strong>pro</strong></span> <span class='ocrx_word' id='word_1_70' title='bbox 949 1843 1005 1910; x_wconf 84' lang='lat' dir='ltr'><strong>illa</strong></span> <span class='ocrx_word' id='word_1_71' title='bbox 1021 1859 1125 1910; x_wconf 84' lang='lat' dir='ltr'><strong>aetate</strong></span> <span class='ocrx_word' id='word_1_72' title='bbox 1139 1843 1276 1935; x_wconf 79' lang='lat' dir='ltr'><strong>splendi·</strong></span> 
     </span>
     <span class='ocr_line' id='line_1_11' title="bbox 252 1961 1275 2056; baseline 0 -28"><span class='ocrx_word' id='word_1_73' title='bbox 252 1963 388 2030; x_wconf 88' lang='lat' dir='ltr'><strong>dissimis</strong></span> <span class='ocrx_word' id='word_1_74' title='bbox 411 1967 531 2056; x_wconf 84' lang='lat' dir='ltr'><strong>ingenii</strong></span> <span class='ocrx_word' id='word_1_75' title='bbox 551 1982 586 2032; x_wconf 90' lang='lat' dir='ltr'><strong>et</strong></span> <span class='ocrx_word' id='word_1_76' title='bbox 607 1964 782 2032; x_wconf 81' lang='lat' dir='ltr'><strong>indiutriae</strong></span> <span class='ocrx_word' id='word_1_77' title='bbox 798 1964 1012 2031; x_wconf 71' lang='lat' dir='ltr'><strong>monumentis</strong></span> <span class='ocrx_word' id='word_1_78' title='bbox 1029 1986 1201 2053; x_wconf 83' lang='lat' dir='ltr'><strong>perennem</strong></span> <span class='ocrx_word' id='word_1_79' title='bbox 1213 1961 1275 2030; x_wconf 88' lang='lat' dir='ltr'><strong>sibi</strong></span> 
     </span>
     <span class='ocr_line' id='line_1_12' title="bbox 250 2079 1273 2175; baseline -0.002 -25"><span class='ocrx_word' id='word_1_80' title='bbox 250 2084 389 2150; x_wconf 89' lang='lat' dir='ltr'><strong>nominis</strong></span> <span class='ocrx_word' id='word_1_81' title='bbox 413 2084 531 2150; x_wconf 85' lang='lat' dir='ltr'><strong>famam</strong></span> <span class='ocrx_word' id='word_1_82' title='bbox 554 2086 764 2175; x_wconf 78' lang='lat' dir='ltr'><strong>comparauit.</strong></span> <span class='ocrx_word' id='word_1_83' title='bbox 812 2081 986 2174; x_wconf 81' lang='lat' dir='ltr'><strong>Diligentia</strong></span> <span class='ocrx_word' id='word_1_84' title='bbox 1005 2079 1137 2170; x_wconf 86' lang='lat' dir='ltr'><strong>quidem</strong></span> <span class='ocrx_word' id='word_1_85' title='bbox 1151 2098 1185 2148; x_wconf 88' lang='lat' dir='ltr'><strong>et</strong></span> <span class='ocrx_word' id='word_1_86' title='bbox 1199 2083 1273 2148; x_wconf 68' lang='lat' dir='ltr'><strong>assi·</strong></span> 
     </span>
     <span class='ocr_line' id='line_1_13' title="bbox 250 2199 1276 2291; baseline -0.003 -23"><span class='ocrx_word' id='word_1_87' title='bbox 250 2200 388 2285; x_wconf 85' lang='lat' dir='ltr'><strong>duitate,</strong></span> <span class='ocrx_word' id='word_1_88' title='bbox 419 2205 531 2291; x_wconf 88' lang='lat' dir='ltr'><strong>quibus</strong></span> <span class='ocrx_word' id='word_1_89' title='bbox 557 2204 699 2270; x_wconf 81' lang='lat' dir='ltr'><strong>animum</strong></span> <span class='ocrx_word' id='word_1_90' title='bbox 728 2200 900 2268; x_wconf 86' lang='lat' dir='ltr'><strong>adstudia</strong></span> <span class='ocrx_word' id='word_1_91' title='bbox 925 2199 1124 2290; x_wconf 82' lang='lat' dir='ltr'><strong>adplicabat,</strong></span> <span class='ocrx_word' id='word_1_92' title='bbox 1155 2201 1276 2266; x_wconf 90' lang='lat' dir='ltr'><strong>nemini</strong></span> 
     </span>
     <span class='ocr_line' id='line_1_14' title="bbox 249 2317 1275 2411; baseline -0.001 -26"><span class='ocrx_word' id='word_1_93' title='bbox 249 2319 307 2385; x_wconf 94' lang='lat' dir='ltr'><strong>ulli</strong></span> <span class='ocrx_word' id='word_1_94' title='bbox 331 2319 487 2386; x_wconf 86' lang='lat' dir='ltr'><strong>sccundus</strong></span> <span class='ocrx_word' id='word_1_95' title='bbox 506 2322 584 2404; x_wconf 73' lang='lat' dir='ltr'><strong>furit,</strong></span> <span class='ocrx_word' id='word_1_96' title='bbox 608 2321 713 2390; x_wconf 85' lang='lat' dir='ltr'><strong>donec</strong></span> <span class='ocrx_word' id='word_1_97' title='bbox 734 2322 817 2388; x_wconf 86' lang='lat' dir='ltr'><strong>inter</strong></span> <span class='ocrx_word' id='word_1_98' title='bbox 842 2319 1007 2386; x_wconf 85' lang='lat' dir='ltr'><strong>docendos</strong></span> <span class='ocrx_word' id='word_1_99' title='bbox 1022 2317 1194 2411; x_wconf 87' lang='lat' dir='ltr'><strong>discipulos</strong></span> <span class='ocrx_word' id='word_1_100' title='bbox 1208 2320 1275 2410; x_wconf 89' lang='lat' dir='ltr'><strong>spi·</strong></span> 
     </span>
     <span class='ocr_line' id='line_1_15' title="bbox 248 2437 1275 2530; baseline 0.001 -26"><span class='ocrx_word' id='word_1_101' title='bbox 248 2439 346 2504; x_wconf 87' lang='lat' dir='ltr'><strong>ritum</strong></span> <span class='ocrx_word' id='word_1_102' title='bbox 373 2437 534 2506; x_wconf 87' lang='lat' dir='ltr'><strong>redderet.</strong></span> <span class='ocrx_word' id='word_1_103' title='bbox 572 2438 726 2530; x_wconf 70' lang='lat' dir='ltr'><strong>aSepulta</strong></span> <span class='ocrx_word' id='word_1_104' title='bbox 754 2454 802 2504; x_wconf 89' lang='lat' dir='ltr'><strong>est</strong></span> <span class='ocrx_word' id='word_1_105' title='bbox 834 2461 907 2504; x_wconf 81' lang='lat' dir='ltr'><strong>etun</strong></span> <span class='ocrx_word' id='word_1_106' title='bbox 937 2459 1000 2522; x_wconf 90' lang='lat' dir='ltr'><strong>ec,</strong></span> <span class='ocrx_word' id='word_1_107' title='bbox 1037 2438 1082 2503; x_wconf 86' lang='lat' dir='ltr'><strong>ait</strong></span> <span class='ocrx_word' id='word_1_108' title='bbox 1109 2460 1275 2505; x_wconf 62' lang='lat' dir='ltr'><strong>curma.</strong></span> 
     </span>
     <span class='ocr_line' id='line_1_16' title="bbox 249 2555 1275 2648; baseline -0.001 -26"><span class='ocrx_word' id='word_1_109' title='bbox 249 2556 438 2640; x_wconf 65' lang='lat' dir='ltr'><strong>Maureta,</strong></span> <span class='ocrx_word' id='word_1_110' title='bbox 462 2580 570 2624; x_wconf 88' lang='lat' dir='ltr'><strong>rerum</strong></span> <span class='ocrx_word' id='word_1_111' title='bbox 593 2573 752 2648; x_wconf 84' lang='lat' dir='ltr'><strong>gestarum</strong></span> <span class='ocrx_word' id='word_1_112' title='bbox 770 2556 874 2622; x_wconf 88' lang='lat' dir='ltr'><strong>omnis</strong></span> <span class='ocrx_word' id='word_1_113' title='bbox 891 2579 976 2646; x_wconf 83' lang='lat' dir='ltr'><strong>pene</strong></span> <span class='ocrx_word' id='word_1_114' title='bbox 991 2557 1214 2644; x_wconf 72' lang='lat' dir='ltr'><strong>notitiamque</strong></span> <span class='ocrx_word' id='word_1_115' title='bbox 1231 2555 1275 2622; x_wconf 90' lang='lat' dir='ltr'><strong>ad</strong></span> 
     </span>
     <span class='ocr_line' id='line_1_17' title="bbox 250 2672 1274 2764; baseline -0.001 -25"><span class='ocrx_word' id='word_1_116' title='bbox 250 2689 359 2740; x_wconf 88' lang='lat' dir='ltr'><strong>nostra</strong></span> <span class='ocrx_word' id='word_1_117' title='bbox 382 2691 540 2764; x_wconf 86' lang='lat' dir='ltr'><strong>tempora.</strong></span> <span class='ocrx_word' id='word_1_118' title='bbox 593 2676 675 2740; x_wconf 89' lang='lat' dir='ltr'><strong>Cum</strong></span> <span class='ocrx_word' id='word_1_119' title='bbox 704 2675 790 2740; x_wconf 88' lang='lat' dir='ltr'><strong>enim</strong></span> <span class='ocrx_word' id='word_1_120' title='bbox 815 2675 909 2764; x_wconf 86' lang='lat' dir='ltr'><strong>pigro</strong></span> <span class='ocrx_word' id='word_1_121' title='bbox 934 2697 1061 2764; x_wconf 82' lang='lat' dir='ltr'><strong>semper</strong></span> <span class='ocrx_word' id='word_1_122' title='bbox 1087 2672 1274 2740; x_wconf 79' lang='lat' dir='ltr'><strong>succederet</strong></span> 
     </span>
     <span class='ocr_line' id='line_1_18' title="bbox 248 2789 1274 2882; baseline 0.002 -26"><span class='ocrx_word' id='word_1_123' title='bbox 248 2791 390 2882; x_wconf 78' lang='lat' dir='ltr'><strong>pigrior,</strong></span> <span class='ocrx_word' id='word_1_124' title='bbox 409 2791 524 2858; x_wconf 80' lang='lat' dir='ltr'><strong>multo</strong></span> <span class='ocrx_word' id='word_1_125' title='bbox 548 2807 695 2882; x_wconf 88' lang='lat' dir='ltr'><strong>tempore</strong></span> <span class='ocrx_word' id='word_1_126' title='bbox 716 2793 839 2856; x_wconf 87' lang='lat' dir='ltr'><strong>intuta</strong></span> <span class='ocrx_word' id='word_1_127' title='bbox 862 2792 964 2858; x_wconf 88' lang='lat' dir='ltr'><strong>insula</strong></span> <span class='ocrx_word' id='word_1_128' title='bbox 982 2790 1160 2857; x_wconf 88' lang='lat' dir='ltr'><strong>studiorum</strong></span> <span class='ocrx_word' id='word_1_129' title='bbox 1185 2789 1274 2858; x_wconf 87' lang='lat' dir='ltr'><strong>dete·</strong></span> 
     </span>
     <span class='ocr_line' id='line_1_19' title="bbox 248 2909 1272 3001; baseline 0.002 -27"><span class='ocrx_word' id='word_1_130' title='bbox 248 2910 319 2998; x_wconf 87' lang='lat' dir='ltr'><strong>puit</strong></span> <span class='ocrx_word' id='word_1_131' title='bbox 331 2909 472 2978; x_wconf 75' lang='lat' dir='ltr'><strong>fervor.»</strong></span> <span class='ocrx_word' id='word_1_132' title='bbox 488 2909 547 3000; x_wconf 79' lang='lat' dir='ltr'><strong>(a).</strong></span> <span class='ocrx_word' id='word_1_133' title='bbox 587 2910 699 2998; x_wconf 84' lang='lat' dir='ltr'><strong>Neque</strong></span> <span class='ocrx_word' id='word_1_134' title='bbox 714 2911 811 3001; x_wconf 85' lang='lat' dir='ltr'><strong>igitur</strong></span> <span class='ocrx_word' id='word_1_135' title='bbox 827 2912 996 2993; x_wconf 84' lang='lat' dir='ltr'><strong>miramur,</strong></span> <span class='ocrx_word' id='word_1_136' title='bbox 1022 2909 1108 3000; x_wconf 90' lang='lat' dir='ltr'><strong>quod</strong></span> <span class='ocrx_word' id='word_1_137' title='bbox 1123 2933 1182 3000; x_wconf 88' lang='lat' dir='ltr'><strong>per</strong></span> <span class='ocrx_word' id='word_1_138' title='bbox 1192 2911 1272 2978; x_wconf 89' lang='lat' dir='ltr'><strong>mul-</strong></span> 
     </span>
    </p>
   </div>
   <div class='ocr_carea' id='block_1_4' title="bbox 249 3022 1275 3119">
    <p class='ocr_par' dir='ltr' id='par_1_4' title="bbox 249 3022 1275 3119">
     <span class='ocr_line' id='line_1_20' title="bbox 249 3022 1275 3119; baseline 0.007 -30"><span class='ocrx_word' id='word_1_139' title='bbox 249 3041 300 3092; x_wconf 90' lang='lat' dir='ltr'><strong>tos</strong></span> <span class='ocrx_word' id='word_1_140' title='bbox 324 3043 436 3116; x_wconf 88' lang='lat' dir='ltr'><strong>postea</strong></span> <span class='ocrx_word' id='word_1_141' title='bbox 456 3051 572 3110; x_wconf 86' lang='lat' dir='ltr'><strong>annos,</strong></span> <span class='ocrx_word' id='word_1_142' title='bbox 604 3051 702 3115; x_wconf 90' lang='lat' dir='ltr'><strong>quum</strong></span> <span class='ocrx_word' id='word_1_143' title='bbox 727 3029 908 3116; x_wconf 89' lang='lat' dir='ltr'><strong>turpissima</strong></span> <span class='ocrx_word' id='word_1_144' title='bbox 926 3022 1060 3119; x_wconf 79' lang='lat' dir='ltr'><strong>&#39;ignavia</strong></span> <span class='ocrx_word' id='word_1_145' title='bbox 1089 3045 1141 3114; x_wconf 89' lang='lat' dir='ltr'><strong>et,</strong></span> <span class='ocrx_word' id='word_1_146' title='bbox 1171 3046 1207 3096; x_wconf 88' lang='lat' dir='ltr'><strong>ut</strong></span> <span class='ocrx_word' id='word_1_147' title='bbox 1228 3031 1275 3096; x_wconf 86' lang='lat' dir='ltr'><strong>ita</strong></span> 
     </span>
    </p>
   </div>
   <div class='ocr_carea' id='block_1_5' title="bbox 247 3142 1275 3938">
    <p class='ocr_par' dir='ltr' id='par_1_5' title="bbox 247 3142 1275 3938">
     <span class='ocr_line' id='line_1_21' title="bbox 250 3142 1272 3233; baseline 0.004 -25"><span class='ocrx_word' id='word_1_148' title='bbox 250 3142 377 3227; x_wconf 86' lang='lat' dir='ltr'><strong>dicam,</strong></span> <span class='ocrx_word' id='word_1_149' title='bbox 402 3159 516 3233; x_wconf 87' lang='lat' dir='ltr'><strong>torpor</strong></span> <span class='ocrx_word' id='word_1_150' title='bbox 534 3160 640 3210; x_wconf 87' lang='lat' dir='ltr'><strong>totum</strong></span> <span class='ocrx_word' id='word_1_151' title='bbox 661 3144 824 3210; x_wconf 88' lang='lat' dir='ltr'><strong>literarum</strong></span> <span class='ocrx_word' id='word_1_152' title='bbox 846 3147 1126 3213; x_wconf 84' lang='lat' dir='ltr'><strong>orbeminrasisse</strong></span> <span class='ocrx_word' id='word_1_153' title='bbox 1140 3145 1272 3214; x_wconf 80' lang='lat' dir='ltr'><strong>rideba-</strong></span> 
     </span>
     <span class='ocr_line' id='line_1_22' title="bbox 248 3262 1273 3353; baseline 0.007 -28"><span class='ocrx_word' id='word_1_154' title='bbox 248 3276 319 3344; x_wconf 89' lang='lat' dir='ltr'><strong>tur,</strong></span> <span class='ocrx_word' id='word_1_155' title='bbox 350 3265 417 3349; x_wconf 84' lang='lat' dir='ltr'><strong>ejus</strong></span> <span class='ocrx_word' id='word_1_156' title='bbox 442 3263 623 3353; x_wconf 88' lang='lat' dir='ltr'><strong>exemplum</strong></span> <span class='ocrx_word' id='word_1_157' title='bbox 650 3287 669 3328; x_wconf 91' lang='lat' dir='ltr'><strong>a</strong></span> <span class='ocrx_word' id='word_1_158' title='bbox 690 3263 832 3330; x_wconf 85' lang='lat' dir='ltr'><strong>melioris</strong></span> <span class='ocrx_word' id='word_1_159' title='bbox 855 3262 972 3330; x_wconf 89' lang='lat' dir='ltr'><strong>indolis</strong></span> <span class='ocrx_word' id='word_1_160' title='bbox 997 3265 1074 3330; x_wconf 81' lang='lat' dir='ltr'><strong>viris</strong></span> <span class='ocrx_word' id='word_1_161' title='bbox 1099 3264 1141 3331; x_wconf 89' lang='lat' dir='ltr'><strong>ad</strong></span> <span class='ocrx_word' id='word_1_162' title='bbox 1168 3266 1273 3332; x_wconf 87' lang='lat' dir='ltr'><strong>imita·</strong></span> 
     </span>
     <span class='ocr_line' id='line_1_23' title="bbox 247 3377 1272 3474; baseline 0.008 -32"><span class='ocrx_word' id='word_1_163' title='bbox 247 3377 371 3446; x_wconf 85' lang='lat' dir='ltr'><strong>tionem</strong></span> <span class='ocrx_word' id='word_1_164' title='bbox 384 3380 453 3446; x_wconf 89' lang='lat' dir='ltr'><strong>aliis</strong></span> <span class='ocrx_word' id='word_1_165' title='bbox 466 3397 712 3471; x_wconf 85' lang='lat' dir='ltr'><strong>proponeretur.</strong></span> <span class='ocrx_word' id='word_1_166' title='bbox 758 3382 978 3448; x_wconf 80' lang='lat' dir='ltr'><strong>Memorabilis</strong></span> <span class='ocrx_word' id='word_1_167' title='bbox 994 3406 1034 3448; x_wconf 88' lang='lat' dir='ltr'><strong>eo</strong></span> <span class='ocrx_word' id='word_1_168' title='bbox 1049 3386 1181 3450; x_wconf 84' lang='lat' dir='ltr'><strong>nomine</strong></span> <span class='ocrx_word' id='word_1_169' title='bbox 1196 3407 1272 3474; x_wconf 87' lang='lat' dir='ltr'><strong>prae</strong></span> 
     </span>
     <span class='ocr_line' id='line_1_24' title="bbox 247 3497 1270 3592; baseline 0.004 -28"><span class='ocrx_word' id='word_1_170' title='bbox 247 3497 361 3564; x_wconf 76' lang='lat' dir='ltr'><strong>ceteris</strong></span> <span class='ocrx_word' id='word_1_171' title='bbox 375 3513 423 3564; x_wconf 87' lang='lat' dir='ltr'><strong>est</strong></span> <span class='ocrx_word' id='word_1_172' title='bbox 433 3499 581 3588; x_wconf 74' lang='lat' dir='ltr'><strong>Epistola</strong></span> <span class='ocrx_word' id='word_1_173' title='bbox 594 3521 749 3582; x_wconf 66' lang='lat' dir='ltr'><strong>incussu,</strong></span> <span class='ocrx_word' id='word_1_174' title='bbox 770 3521 891 3566; x_wconf 74' lang='lat' dir='ltr'><strong>canoas</strong></span> <span class='ocrx_word' id='word_1_175' title='bbox 908 3523 1014 3568; x_wconf 75' lang='lat' dir='ltr'><strong>mour</strong></span> <span class='ocrx_word' id='word_1_176' title='bbox 1032 3501 1270 3592; x_wconf 80' lang='lat' dir='ltr'><strong>Praeceptoris,</strong></span> 
     </span>
     <span class='ocr_line' id='line_1_25' title="bbox 247 3613 1273 3709; baseline 0.003 -25"><span class='ocrx_word' id='word_1_177' title='bbox 247 3614 368 3701; x_wconf 81' lang='lat' dir='ltr'><strong>scripta</strong></span> <span class='ocrx_word' id='word_1_178' title='bbox 390 3613 432 3680; x_wconf 80' lang='lat' dir='ltr'><strong>ad</strong></span> <span class='ocrx_word' id='word_1_179' title='bbox 454 3615 581 3682; x_wconf 81' lang='lat' dir='ltr'><strong>Fratres</strong></span> <span class='ocrx_word' id='word_1_180' title='bbox 604 3614 746 3704; x_wconf 70' lang='lat' dir='ltr'><strong>ejsudem</strong></span> <span class='ocrx_word' id='word_1_181' title='bbox 763 3621 966 3704; x_wconf 84' lang='lat' dir='ltr'><strong>monasterii,</strong></span> <span class='ocrx_word' id='word_1_182' title='bbox 992 3619 1082 3709; x_wconf 84' lang='lat' dir='ltr'><strong>quod</strong></span> <span class='ocrx_word' id='word_1_183' title='bbox 1097 3644 1207 3687; x_wconf 69' lang='lat' dir='ltr'><strong>nunt</strong></span> <span class='ocrx_word' id='word_1_184' title='bbox 1225 3621 1273 3686; x_wconf 87' lang='lat' dir='ltr'><strong>vi·</strong></span> 
     </span>
     <span class='ocr_line' id='line_1_26' title="bbox 247 3725 1275 3830; baseline 0.004 -30"><span class='ocrx_word' id='word_1_185' title='bbox 247 3747 376 3800; x_wconf 80' lang='lat' dir='ltr'><strong>ventem</strong></span> <span class='ocrx_word' id='word_1_186' title='bbox 391 3732 475 3799; x_wconf 85' lang='lat' dir='ltr'><strong>intra</strong></span> <span class='ocrx_word' id='word_1_187' title='bbox 488 3725 597 3800; x_wconf 88' lang='lat' dir='ltr'><strong>muros</strong></span> <span class='ocrx_word' id='word_1_188' title='bbox 613 3759 685 3802; x_wconf 90' lang='lat' dir='ltr'><strong>suos</strong></span> <span class='ocrx_word' id='word_1_189' title='bbox 701 3739 874 3822; x_wconf 80' lang='lat' dir='ltr'><strong>habuerat,</strong></span> <span class='ocrx_word' id='word_1_190' title='bbox 900 3745 949 3822; x_wconf 81' lang='lat' dir='ltr'><strong>et‘,</strong></span> <span class='ocrx_word' id='word_1_191' title='bbox 975 3737 1130 3828; x_wconf 85' lang='lat' dir='ltr'><strong>quidquid</strong></span> <span class='ocrx_word' id='word_1_192' title='bbox 1150 3738 1275 3830; x_wconf 75' lang='lat' dir='ltr'><strong>gloriae</strong></span> 
     </span>
     <span class='ocr_line' id='line_1_27' title="bbox 248 3851 1171 3938; baseline 0.005 -20"><span class='ocrx_word' id='word_1_193' title='bbox 248 3863 282 3918; x_wconf 81' lang='lat' dir='ltr'><strong>et</strong></span> <span class='ocrx_word' id='word_1_194' title='bbox 297 3851 535 3918; x_wconf 74' lang='lat' dir='ltr'><strong>existimationis</strong></span> <span class='ocrx_word' id='word_1_195' title='bbox 552 3872 759 3920; x_wconf 89' lang='lat' dir='ltr'><strong>consecutum</strong></span> <span class='ocrx_word' id='word_1_196' title='bbox 775 3873 875 3938; x_wconf 83' lang='lat' dir='ltr'><strong>esset,</strong></span> <span class='ocrx_word' id='word_1_197' title='bbox 901 3857 931 3922; x_wconf 87' lang='lat' dir='ltr'><strong>ei</strong></span> <span class='ocrx_word' id='word_1_198' title='bbox 946 3857 1006 3923; x_wconf 89' lang='lat' dir='ltr'><strong>soli</strong></span> <span class='ocrx_word' id='word_1_199' title='bbox 1023 3856 1171 3924; x_wconf 84' lang='lat' dir='ltr'><strong>debebat.</strong></span> 
     </span>
    </p>
   </div>
   <div class='ocr_carea' id='block_1_6' title="bbox 291 4133 895 4296">
    <p class='ocr_par' dir='ltr' id='par_1_6' title="bbox 291 4133 895 4296">
     <span class='ocr_line' id='line_1_28' title="bbox 291 4133 799 4210; baseline 0.012 -24"><span class='ocrx_word' id='word_1_200' title='bbox 291 4133 334 4204; x_wconf 87' lang='lat'><strong>(1)</strong></span> <span class='ocrx_word' id='word_1_201' title='bbox 354 4133 398 4189; x_wconf 81' lang='lat' dir='ltr'><strong>Gi.</strong></span> <span class='ocrx_word' id='word_1_202' title='bbox 416 4151 508 4190; x_wconf 74' lang='lat' dir='ltr'><strong>cursus</strong></span> <span class='ocrx_word' id='word_1_203' title='bbox 526 4139 599 4191; x_wconf 80' lang='lat' dir='ltr'><strong>Hist.</strong></span> <span class='ocrx_word' id='word_1_204' title='bbox 618 4140 675 4192; x_wconf 75' lang='lat' dir='ltr'><strong>tit.</strong></span> <span class='ocrx_word' id='word_1_205' title='bbox 693 4160 720 4210; x_wconf 90' lang='lat' dir='ltr'><strong>p.</strong></span> <span class='ocrx_word' id='word_1_206' title='bbox 738 4141 799 4193; x_wconf 78' lang='lat' dir='ltr'><strong>tte.</strong></span> 
     </span>
     <span class='ocr_line' id='line_1_29' title="bbox 292 4217 895 4296; baseline 0.012 -26"><span class='ocrx_word' id='word_1_207' title='bbox 292 4217 334 4288; x_wconf 78' lang='lat'><strong>(2)</strong></span> <span class='ocrx_word' id='word_1_208' title='bbox 355 4219 396 4272; x_wconf 78' lang='lat' dir='ltr'><strong>De</strong></span> <span class='ocrx_word' id='word_1_209' title='bbox 416 4224 502 4296; x_wconf 76' lang='lat' dir='ltr'><strong>Gestis</strong></span> <span class='ocrx_word' id='word_1_210' title='bbox 520 4225 591 4287; x_wconf 54' lang='lat' dir='ltr'><strong>mgr</strong></span> <span class='ocrx_word' id='word_1_211' title='bbox 606 4226 689 4288; x_wconf 77' lang='lat' dir='ltr'><strong>Angl.</strong></span> <span class='ocrx_word' id='word_1_212' title='bbox 710 4225 769 4276; x_wconf 88' lang='lat' dir='ltr'><strong>Lib.</strong></span> <span class='ocrx_word' id='word_1_213' title='bbox 787 4225 808 4278; x_wconf 93' lang='lat'><strong>1.</strong></span> <span class='ocrx_word' id='word_1_214' title='bbox 825 4243 850 4278; x_wconf 88' lang='lat' dir='ltr'><strong>c.</strong></span> <span class='ocrx_word' id='word_1_215' title='bbox 869 4227 895 4278; x_wconf 79' lang='lat'><strong>³.</strong></span> 
     </span>
    </p>
   </div>
   <div class='ocr_carea' id='block_1_7' title="bbox 0 0 1464 5284">
    <p class='ocr_par' dir='ltr' id='par_1_7' title="bbox 0 0 1464 5284">
     <span class='ocr_line' id='line_1_30' title="bbox 0 0 1464 5284; baseline 0 0"><span class='ocrx_word' id='word_1_216' title='bbox 0 0 1464 5284; x_wconf 95' lang='lat' dir='ltr'><strong> </strong></span> 
     </span>
    </p>
   </div>
  </div>
 </body>
</html>
