2900 5278
655 504 693 564 21

160 679 237 746 inde
266 695 411 768 tempore
440 681 586 744 docuisse
608 695 775 762 narretur,
801 682 931 770 quisque
950 683 1055 768 videt,
1088 709 1182 774 quam

162 797 245 862 male
267 798 347 863 haec
367 795 524 886 quadrent
545 799 580 861 in
599 797 697 886 ipsius
716 798 777 863 riri
799 799 999 884 testimonia,
1030 825 1110 890 quae
1131 825 1182 867 su-

159 937 219 1004 pra
252 914 426 980 attulimus.
474 913 584 996 Quid?
616 913 704 1002 quod
736 915 805 1003 ipsa
836 915 914 998 illa,
940 939 1021 1003 quae
1050 919 1182 1001 citatur,

160 1053 277 1098 anam
301 1031 343 1096 ad
366 1031 638 1120 Cantabn'giensir
661 1030 820 1119 Epistola,
843 1047 875 1096 et
897 1053 1002 1097 mnan
1023 1035 1182 1124 magistri,

162 1171 182 1215 a
206 1149 324 1214 scholis
347 1150 517 1230 recessuri,
543 1147 584 1212 ad
605 1144 778 1236 discipulos
803 1149 1002 1232 exhortatio,
1025 1150 1099 1216 luce
1119 1152 1183 1217 cla·

162 1267 227 1332 rius
246 1264 417 1331 ostendunt
432 1265 510 1329 falsa
527 1265 627 1348 veris,
651 1269 758 1355 spuria
774 1266 918 1356 genuinis
935 1259 1002 1332 esse
1014 1267 1184 1334 immixta?

158 1381 336 1471 Epistolanr
369 1382 456 1448 enim
490 1375 532 1447 ad
558 1382 700 1465 Literas,
736 1405 813 1470 quas
846 1405 984 1448 exarans
1018 1385 1183 1450 monacbis

160 1501 209 1566 W
207 1499 472 1564 iremutlteasibua
491 1499 634 1588 scripsit,
653 1500 906 1565 exhortationem
928 1520 1007 1564 vero
1025 1498 1066 1564 ad
1079 1522 1184 1566 narra·

159 1617 282 1684 tionem
300 1617 472 1706 qnamdam
488 1639 691 1700 corrasam,
708 1615 854 1706 discipuli
870 1637 993 1700 ranas,
1010 1616 1182 1684 confictam

159 1759 248 1822 esse,
272 1737 347 1800 satis
373 1751 464 1800 certo
487 1735 566 1800 mihi
590 1750 716 1800 constat
737 1734 751 1822 (
771 1735 798 1824 ).

204 1855 295 1919 Bana
315 1853 432 1943 igitur,
462 1838 606 1942 quamvis
630 1875 792 1940 nunquam
816 1852 938 1940 patriae
965 1851 1044 1917 fines
1075 1875 1182 1919 excet-

158 1971 257 2056 sisse,
281 1994 343 2037 nec
372 1993 446 2037 curn
469 1970 538 2035 ullo
561 1993 693 2035 munere
716 1969 848 2059 publico
870 1969 1073 2058 tranquillam
1097 1971 1183 2036 vitae

161 2091 359 2155 monasticae
377 2087 599 2154 conditionem
624 2102 761 2152 mutasse
784 2083 943 2169 vidimus,
968 2086 1051 2152 adeo
1074 2102 1183 2152 tamen

160 2207 195 2272 in
219 2208 404 2274 monasterii
425 2205 596 2274 solitudine
620 2229 654 2272 se
676 2204 880 2270 abscondisse
902 2219 935 2270 et
960 2205 1049 2292 quasi
1073 2204 1184 2293 sepeli·

160 2326 241 2390 visse
264 2324 489 2390 existimandus
506 2346 574 2388 non
595 2338 661 2404 est,
685 2338 721 2387 ut
739 2323 916 2388 amicorum
936 2321 1132 2386 commercio
1151 2335 1185 2387 et

160 2443 322 2516 societatis
354 2465 411 2506 usu
442 2441 537 2532 plane
571 2441 755 2507 abstineret.
802 2441 913 2504 Exstat
942 2454 1028 2504 certe
1054 2441 1119 2523 ejus
1142 2436 1184 2502 ad

159 2581 335 2626 armarunt
350 2559 534 2623 Antistitem
549 2558 714 2646 Epistola,
738 2579 776 2620 ex
790 2578 852 2642 qua
866 2569 1013 2644 apparet,
1031 2576 1105 2620 eum
1125 2576 1184 2643 per

160 2678 228 2745 dies
255 2679 399 2766 aliquot,
424 2677 468 2740 ob
496 2696 667 2740 commune
698 2671 825 2763 legendi
849 2671 1008 2756 studium,
1039 2673 1075 2738 in
1092 2670 1184 2736 'illius

161 2795 356 2862 monasterio
378 2793 521 2859 Eboraci
545 2807 800 2874 commoratum,
824 2805 918 2878 atque
943 2790 984 2855 ab
1005 2790 1111 2855 arnico
1134 2790 1184 2854 in·

159 2914 295 2979 vitamm
326 2935 410 2994 esse,
442 2925 479 2975 ut
508 2909 653 2997 sequenti
683 2929 810 2995 quoque
840 2928 925 2970 anno
958 2903 1185 2970 confabulandi

159 3051 257 3097 causa
278 3030 314 3092 in
336 3026 473 3092 eundem
494 3026 605 3090 locum
626 3024 791 3090 deveniret
814 3022 875 3112 (a).
922 3021 981 3086 Cui
1004 3021 1185 3086 invitationi

162 3147 333 3236 quominus
356 3144 565 3223 satisfaceret,
589 3141 757 3230 impedivit
777 3163 851 3205 eum
870 3137 1013 3221 infirma,
1039 3161 1101 3225 qua
1117 3141 1184 3224 jam

162 3279 240 3346 tunc
257 3261 482 3353 premebatur,
505 3257 650 3346 corporis
670 3255 840 3337 valetudo,
863 3256 962 3318 missis
980 3272 1088 3320 tamen
1104 3255 1187 3318 Lite-

160 3384 205 3450 ris
224 3379 417 3448 desiderium
435 3378 483 3443 sui
501 3375 622 3442 lenivit.
669 3371 831 3438 Inciderat
846 3392 962 3459 nempe
978 3371 1013 3432 in
1030 3369 1186 3456 ejusmodi

182 3626 242 3695 .(l)
261 3625 299 3677 lle
313 3625 429 3692 utrisque
443 3623 510 3674 inira
524 3638 571 3674 suo
585 3621 642 3674 loco
655 3621 784 3674 dicemus.
893 3665 895 3674 ,

199 3709 243 3778 (2)
262 3708 642 3774 anrrEpirt.adEgbertum
651 3699 1185 3764 Antiateditmbr.wrarxollubl.1664,

160 3829 162 3834 «
265 3791 373 3859 repetita
388 3789 421 3840 ab
436 3804 464 3840 r.
476 3801 617 3840 vnrrroso
631 3787 717 3840 Lond.
732 3788 810 3851 1693,
825 3797 851 3838 st
864 3804 879 3836 a
892 3799 970 3838 surra
982 3785 1012 3833 in
1026 3783 1096 3834 Edit.
1111 3782 1187 3834 Oan-

266 3871 331 3922 tubr.
350 3869 436 3934 1722,
455 3870 514 3921 init.
548 3868 642 3920 Simile
663 3868 727 3936 quid
748 3868 844 3936 legitur
858 3869 887 3918 in
901 3865 1061 3935 Epistolade
1078 3867 1185 3932 Aequi-

266 3958 352 4010 noctio
367 3954 400 4006 ad
415 3967 573 4006 wroarrnru
588 3954 691 4021 scripta,
707 3953 734 4002 in
752 3969 813 4020 qur,
830 3966 952 4004 «memor
965 3949 1147 4001 familiaritatis
1160 3958 1187 3998 et

268 4040 433 4103 dulcedinis,
452 4037 549 4106 quibus
562 4036 609 4088 ille
623 4053 651 4088 re
666 4046 828 4104 susceperat,
843 4035 1038 4103 quaestionem,
1051 4032 1093 4082 cui
1106 4047 1187 4097 prae-

267 4139 327 4176 sens
349 4122 460 4174 breviter
474 4120 657 4189 responderat,
676 4121 733 4188 jem
753 4118 831 4170 latius
848 4115 987 4184 explanare
1005 4110 1186 4181 aggreditur.»

268 4205 346 4276 ilper.
362 4207 431 4259 Edit.
445 4207 540 4260 Golon.
554 4205 613 4257 Vol.
628 4205 662 4257 ΙΙ.
677 4222 738 4273 pag.
753 4203 815 4256 230.
