2900 5278
637 461 683 526 15

147 669 216 722 tum
247 650 466 718 auxiliatorem
494 659 624 712 sanctae
652 644 761 710 matris
786 644 968 710 universalis
993 623 1169 730 ecclesiae,

149 771 354 840 obedientem
385 767 591 834 devotionem
615 764 691 828 huic
715 779 843 828 nostrae
870 765 1081 830 exhortationi
1103 790 1170 833 non

149 890 278 956 desistas
304 883 570 965 accommodare3
602 881 659 946 sed
684 883 801 969 absque
823 881 928 969 aliqua
948 884 1173 950 immoratione

148 1009 333 1098 religiosum
348 1004 503 1069 fumidum
518 1001 579 1066 Dei
586 1021 705 1064 annau
710 1046 721 1079 ‚
733 999 922 1064 venerabilis
931 1003 1116 1066 monasterii
1126 1003 1173 1067 tui

153 1123 397 1216 [presbyterum]
412 1119 469 1209 (1),
485 1117 528 1184 ad
539 1115 720 1182 veneranda
729 1116 839 1180 limina
849 1118 1082 1206 Apostolorum
1090 1123 1177 1208 prin·

153 1248 262 1334 ciptnn
288 1262 434 1306 meorum
458 1259 554 1302 rrrnr
576 1251 609 1300 et
633 1257 750 1318 rrum,
782 1251 963 1300 ornatorum
988 1253 1115 1304 tuorum
1137 1262 1176 1304 ac

150 1375 388 1450 protectorum,
411 1353 454 1420 ad
475 1368 604 1420 nostrae
628 1351 859 1417 mediocritatis
882 1370 1089 1441 conspectum
1110 1378 1177 1420 non

153 1477 289 1542 moreris
306 1474 455 1562 dirigere.
503 1471 611 1552 Quem
631 1469 757 1534 favente
776 1467 938 1553 Domino,
963 1472 1086 1558 turisque
1107 1495 1180 1537 san.

153 1595 214 1660 ctis
227 1593 396 1682 precibus,
418 1612 485 1655 non
502 1585 625 1653 diffidas
639 1608 792 1675 prospere
809 1584 850 1651 ad
864 1601 896 1652 te
912 1587 1032 1671 redire,
1048 1607 1179 1678 peracta

155 1709 401 1801 praemissorum
426 1704 640 1794 capitulorum
666 1726 740 1767 cum
769 1703 885 1768 auxilio
915 1703 978 1771 Dei
1004 1704 1182 1773 desiderata

155 1827 358 1892 solennitate.
405 1823 475 1887 Erit
489 1822 622 1910 [enim],
646 1835 682 1884 ut
699 1819 906 1903 confidimus,
931 1838 965 1888 et
981 1825 1104 1889 cunctis
1121 1826 1180 1891 tibi

158 1943 287 2011 creditis
303 1941 525 2032 profuturum,
551 1937 708 2028 quidquid
731 1939 885 2005 eeclesiae
902 1942 1042 2031 generali
1061 1941 1181 2008 devoto

157 2079 268 2130 sancto
287 2060 426 2151 collegio
442 2058 592 2126 claruerit
606 2058 873 2146 praestantissime
888 2059 1105 2149 impertitum»
1118 2061 1180 2150 (a).

202 2183 251 2246 Ex
269 2181 319 2245 bis
338 2178 435 2269 igitur
457 2177 570 2242 Literis
594 2190 727 2265 apparet
749 2198 879 2257 aunan,
903 2191 1016 2264 utpote
1030 2179 1183 2244 eximium

159 2302 207 2368 sui
230 2297 386 2386 temporis
410 2294 599 2376 doctorem,
625 2292 665 2358 de
687 2293 893 2382 gravissimis,
917 2309 954 2358 ut
971 2295 1182 2382 putabantur,

160 2417 396 2509 quaestionibus
422 2411 589 2477 consilium
615 2409 778 2494 daturum,
806 2433 825 2474 a
848 2410 937 2500 Papa
961 2413 1094 2476 Romam
1118 2437 1185 2480 esse

159 2537 354 2603 arcessitum.
402 2530 597 2595 Gunremrns
609 2529 800 2611 Malmesb.,
819 2529 974 2594 hocloco
992 2532 1057 2615 ejus
1072 2528 1183 2596 laudes

161 2655 346 2740 celebrans,
371 2650 450 2730 «ita,
477 2648 600 2736 inquit,
621 2649 689 2733 jam
714 2646 848 2712 celebris
875 2645 942 2712 erat
962 2648 1066 2731 fama,
1092 2667 1128 2714 ut
1150 2653 1184 2716 in

162 2770 395 2860 quaestionibus
411 2764 587 2832 enodandis
603 2765 761 2855 indigeret
773 2789 812 2830 eo
828 2767 1004 2832 sublimitas
1019 2771 1163 2836 Romana
1171 2819 1182 2853 ‚

161 2909 222 2954 nec
246 2909 323 2951 vero
349 2908 490 2973 unquam
516 2885 703 2949 Gallicanus
727 2899 835 2948 tumor
858 2885 980 2949 invenit
1003 2887 1037 2949 in
1062 2889 1186 2976 Anglo,

161 3002 250 3095 quod
264 3017 410 3092 argueret
424 3002 573 3068 merito.»
619 3003 719 3068 Caute
733 3024 828 3085 vero,
846 3017 887 3098 ¹ut
901 3002 999 3086 solet,
1024 3005 1085 3069 hac
1101 3006 1135 3069 in
1150 3029 1186 3071 re

160 3117 371 3187 memoranda
393 3133 548 3183 versatur.
601 3117 754 3200 Quamvis
775 3120 860 3185 enim
884 3143 994 3187 sunan
1016 3124 1185 3191 invitatum

202 3439 243 3510 (1)
263 3438 339 3491 Notat
356 3451 469 3490 onustus
490 3436 557 3506 apud
580 3449 691 3488 wttrrrs
713 3437 742 3486 in
757 3437 939 3504 antiquissimo
959 3438 1127 3493 Cottonianae
1140 3444 1187 3495 bi.

267 3521 413 3574 bliotheene
421 3519 535 3585 Codice,
549 3520 800 3585 mlo-Saenius
806 3518 992 3572 characteribus
1006 3535 1123 3590 exarato,
1138 3526 1187 3579 boo

268 3609 379 3660 verbum
397 3608 497 3658 deesse.
532 3604 624 3673 Neque
645 3606 723 3656 etiam
737 3614 795 3655 ante
811 3621 909 3654 annum
922 3604 991 3669 tou,
1010 3617 1039 3656 ut
1052 3609 1184 3674 vidimus,

270 3692 408 3760 Presbyter
427 3690 508 3740 iaetus
529 3697 575 3739 est.
611 3687 720 3740 Sraorus
739 3698 825 3738 autern
846 3689 911 3739 vixit
932 3705 1014 3756 usque
1035 3689 1067 3741 ad
1088 3709 1186 3744 annum

270 3774 330 3826 ⁷⁰1.
366 3773 427 3824 tid.
443 3786 534 3824 uanus.
550 3773 578 3822 in
592 3771 695 3822 Annei.
709 3770 741 3819 ad
755 3769 825 3820 bunc
838 3785 936 3821 aunum
951 3773 979 3821 in
991 3774 1050 3825 init.

205 3858 246 3928 (2)
265 3858 302 3908 lta
321 3855 388 3906 hene
411 3854 547 3924 epistolam
562 3871 595 3907 ex
609 3854 662 3906 HS.
680 3869 776 3918 usstmt
790 3857 819 3904 ἐπ
836 3853 931 3922 Spelm.
945 3858 1012 3925 apud
1027 3860 1113 3927 Episc.
1128 3862 1187 3912 At—

272 3957 371 3992 arneus.
395 3939 532 4006 descripsit
552 3954 664 3991 wtnrrrs
679 3941 707 3989 in
726 3941 822 3991 Concil.
837 3941 932 4007 Magn.
947 3945 1020 3994 Brit.
1035 3949 1061 3994 et
1073 3945 1187 3998 Hibern-

171 4065 173 4074 .
271 4024 355 4076 Lond.
375 4024 453 4076 173⁷.
476 4022 534 4074 Vol.
555 4023 577 4074 I.
599 4041 627 4092 p.
646 4023 698 4086 63,
722 4025 764 4076 ot.
800 4025 858 4077 Atia
883 4026 960 4078 lectio
982 4029 1009 4076 in
1031 4027 1187 4092 quibusdam

270 4107 344 4161 llSS.
359 4109 387 4158 in
402 4106 474 4158 fine:
499 4106 655 4176 «Quidquid
667 4109 789 4160 ecclesiae
805 4109 921 4177 generali
936 4109 1055 4160 claruerit
1068 4127 1116 4178 per
1129 4112 1187 4180 ejus

270 4192 451 4260 praestantium
467 4190 522 4259 (vel
536 4193 721 4261 praesentiam)
739 4193 933 4261 impartitum.»
