2918 5284
320 748 373 818 Ad
395 750 554 829 Indicam,
590 769 718 813 asans
745 745 944 830 confectum,
967 747 1182 816 recensuimus
1214 773 1301 819 nunc

276 869 377 938 libros
408 893 483 936 cont
516 867 691 959 genuinos,
727 881 796 932 tum
826 865 969 955 spurios,
1002 867 1056 955 qui
1081 889 1201 934 nomen
1234 875 1302 958 ejus

216 1002 218 1008 ’
272 1004 399 1079 gerunt.
446 989 574 1072 Restat,
598 1001 635 1052 ut
658 985 813 1052 nonnulla
831 1007 1018 1051 moneamus
1043 984 1085 1050 de
1111 987 1302 1074 quibusdam

275 1106 360 1190 aliis,
391 1107 437 1172 ibi
466 1104 595 1194 quidem
619 1105 920 1187 commemoratis,
956 1102 1013 1170 sed
1046 1106 1165 1194 procul
1197 1105 1301 1174 dubio

276 1243 385 1292 tamen
410 1249 429 1290 a
451 1248 536 1291 asos
558 1225 721 1315 proiectis.
768 1223 954 1313 Principem
976 1223 1086 1290 locum
1107 1224 1265 1290 habeant:

320 1348 572 1411 Retractattooes
584 1352 619 1408 in
635 1345 736 1408 Actus
752 1343 987 1431 Apostolorum.

322 1464 390 1528 Has
411 1463 537 1553 scripsit
552 1464 620 1547 jam
635 1484 731 1527 senex
743 1461 842 1549 paulo
857 1474 931 1549 post
943 1481 1061 1524 annum
1073 1459 1150 1547 731.
1177 1458 1303 1526 Adsunt

275 1582 310 1645 in
324 1602 428 1645 asnaa
440 1579 613 1669 Operibus,
629 1577 715 1643 Edit.
730 1579 826 1643 Basil.
842 1576 1002 1644 Tom.VI.
1021 1600 1055 1666 p.
1070 1577 1164 1664 1=39,
1182 1577 1302 1644 Colon.

276 1698 371 1764 Tom.
388 1697 445 1764 VI.
468 1721 503 1786 p.
526 1697 614 1762 1-a8.
661 1697 699 1760 ln
722 1716 787 1784 qno
810 1697 895 1762 libro
914 1693 1088 1761 condendo
1110 1712 1236 1762 secutm
1255 1714 1305 1763 est

278 1815 460 1906 exemplum
472 1837 669 1897 soaosrrm,
689 1815 761 1903 qui,
785 1837 898 1897 senex,
921 1814 1020 1879 libros
1033 1817 1304 1882 Retractotionam

276 1938 311 2000 in
338 1934 491 2025 opuscula
521 1933 696 2022 quaedam,
726 1955 807 2021 quae
833 1934 960 2019 juvenis
982 1934 1167 2023 scripserat,
1191 1959 1301 2001 emen-

278 2051 377 2118 dandi
410 2050 612 2142 addendique
643 2075 737 2117 causa
764 2067 988 2141 composuerat
1013 2050 1074 2142 (1).
1128 2053 1228 2119 Multa
1249 2054 1299 2118 in·

278 2193 373 2260 super
401 2172 505 2236 critici
530 2186 563 2235 et
589 2170 789 2260 grammatici
809 2167 940 2261 ⁴generis
969 2169 1104 2258 adjecit,
1130 2172 1218 2260 quod
1239 2196 1301 2262 pro

279 2305 443 2377 temporo,
478 2311 542 2376 quo
574 2288 669 2372 vixit,
696 2311 891 2379 magnopere
921 2287 1116 2355 laudandum
1141 2306 1199 2357 ast.
1244 2292 1303 2356 Ni-

279 2406 398 2470 mirum
431 2405 466 2469 in
500 2427 612 2470 manus
653 2407 684 2470 ei
718 2405 803 2472 forte
833 2399 992 2472 inciderat
1023 2406 1133 2473 Codex
1162 2410 1306 2476 Graccus

280 2524 420 2587 Actuum
449 2523 680 2612 Apostolorum
707 2539 922 2613 pervetustus,
951 2543 985 2592 et
1013 2543 1179 2615 arecepta
1206 2531 1305 2595 intar-

279 2642 460 2730 pretationc
493 2643 610 2729 passim
640 2641 841 2732 discrepans,
875 2631 940 2732 quo
968 2668 1042 2710 cum
1069 2660 1157 2710 textu
1177 2647 1304 2736 vulgaai

280 2761 400 2824 Latino
427 2773 575 2824 accurate
605 2759 725 2826 collato
755 2763 913 2828 variantes
940 2763 1095 2829 lectiones
1120 2762 1302 2848 adnotavit,

282 2878 343 2942 hac
380 2894 488 2943 tannen
523 2879 672 2944 cautione
708 2877 833 2947 addita:
877 2879 990 2964 «Quae
1023 2884 1058 2948 in
1091 2883 1211 2948 Graeco
1237 2885 1305 2950 sive

279 2995 391 3079 aliter,
428 3019 485 3060 seu
522 2997 592 3085 plus
631 3014 685 3063 aut
712 3000 816 3066 minus
846 3003 950 3089 posita
976 3000 1129 3085 vidimus,
1165 3003 1304 3068 breviter

324 3255 370 3324 (1)
389 3253 524 3324 Quomodo
546 3271 605 3306 suos
627 3256 788 3326 aliommque
810 3277 909 3313 errorm
930 3265 1086 3330 correxerit,
1112 3265 1304 3336 intelligimus,

388 3359 414 3396 e.
428 3361 454 3410 g.
470 3357 503 3392 ex
516 3340 682 3394 adnotatione
697 3344 729 3394 ad
743 3347 800 3396 Act.
815 3346 846 3414 l,
862 3347 896 3398 13
911 3357 937 3398 et
951 3346 1024 3413 vtll,
1042 3351 1069 3400 1.
1105 3349 1303 3419 lithicquidem

386 3424 516 3476 mendacii
537 3423 668 3492 redarguit
689 3425 865 3494 scriptorem,
889 3432 935 3498 qui
956 3432 985 3480 in
1004 3431 1072 3483 libro
1087 3434 1116 3483 da
1131 3435 1205 3484 obdu
1218 3436 1304 3485 bealae

389 3509 533 3560 Genetricis
549 3507 618 3571 Dei,
637 3510 744 3559 nomine
760 3524 905 3576 usttroms,
919 3513 1040 3583 Episcopi
1057 3517 1149 3581 Asiae,
1168 3517 1302 3586 inscripto,

388 3592 497 3644 insulsas
515 3591 640 3660 quasdam
660 3593 760 3645 fabulas
781 3595 878 3648 retulit.
913 3599 1004 3650 «ilaec
1023 3599 1084 3652 ideo
1103 3617 1305 3654 commemorare

387 3679 493 3742 ourani,
517 3677 621 3746 inquit,
640 3681 701 3746 qnia
716 3679 856 3732 nonnullos
871 3683 932 3733 novi
947 3683 1060 3751 praefato
1074 3685 1203 3736 volumini
1218 3697 1306 3738 eontra

388 3761 560 3812 auctoritatem
588 3762 657 3813 beati
680 3779 758 3814 tuost
780 3764 882 3815 incauta
903 3767 1045 3818 temeritate
1066 3767 1206 3838 adsensum
1228 3785 1309 3839 praa·

389 3843 487 3894 bere.»
505 3862 565 3914 pag.
587 3846 630 3898 16.
667 3847 718 3900 «Si
737 3847 776 3899 les
795 3847 910 3912 iioines,
931 3848 1020 3899 scribit
1036 3865 1167 3914 santonos,
1187 3851 1308 3919 quiscat

390 3935 493 3978 auteurs
507 3927 540 3978 de
555 3928 580 3978 la
594 3928 697 3999 plupmt
709 3931 756 3982 des
770 3931 910 3996 Histoires,
924 3933 1142 4002 prinoipdcment
1156 3935 1189 3986 de
1203 3933 1309 3988 l’Ooci-

387 4011 471 4076 dent,
498 4015 601 4064 avaient
619 4017 660 4066 iti
683 4018 783 4068 animis
803 4018 835 4068 dc
857 4029 898 4070 cet
917 4022 1016 4090 esprit,
1034 4037 1100 4073 nous
1114 4021 1249 4073 n'aurions
1263 4038 1311 4090 pas

392 4097 561 4164 aujourd'hui
578 4109 632 4150 tant
645 4100 678 4151 da
693 4100 775 4153 iables
789 4101 853 4154 dans
868 4121 914 4156 nos
929 4105 1040 4158 lines.»
1067 4106 1097 4157 t.
1113 4107 1156 4158 cit.
1172 4105 1248 4158 Tam.
1262 4105 1311 4157 111.

389 4177 476 4248 Ghap.
490 4182 533 4234 24.
548 4199 606 4251 pag.
620 4183 681 4236 342.
