2918 5284
792 474 833 536 82

350 662 458 727 Pauca
471 659 524 723 hio
541 652 688 720 addenda
703 665 776 718 sunt
790 650 831 716 de
847 651 960 732 variis,
981 671 1064 736 quae
1075 663 1220 734 exstant,
1236 651 1337 739 hujus

307 780 414 872 operis
436 797 541 843 nausa
562 771 877 862 interpretationibus
900 791 956 836 seu
971 769 1180 837 versionibus.
1223 770 1339 838 Prima

307 920 409 986 eaque
418 893 630 962 vetustissima
640 906 688 958 est
696 890 992 979 Angla-Saronico,
1003 911 1084 976 quae
1092 888 1173 976 Regi
1182 909 1340 955 turmo

309 1039 424 1086 usono
453 1013 621 1094 tribuitur,
646 1027 679 1076 et
707 1010 790 1098 typis
818 1030 963 1098 expressa
989 1022 1038 1072 est
1067 1029 1088 1071 a
1115 1028 1277 1072 wuuuoco
1301 1025 1342 1074 et

307 1157 445 1202 surrmo
461 1133 496 1198 iu
512 1129 714 1196 Editionibus
729 1150 824 1216 supra
841 1123 989 1192 laudatis.
1026 1125 1212 1190 Recentiori
1227 1141 1339 1192 aetate
1439 1145 1440 1172 ¹

306 1254 424 1318 librum
445 1272 484 1315 ex
506 1249 620 1312 Latino
641 1250 676 1310 in
695 1245 867 1334 Anglicum
884 1265 1066 1308 sermonem
1081 1242 1337 1310 vertendo'red-

307 1369 390 1436 didit
413 1389 613 1448 srsrnnron,
635 1367 697 1430 hac
722 1355 948 1452 inscriptione:
993 1361 1062 1426 Tlre
1081 1361 1205 1448 ltr‘story
1220 1363 1263 1452 ⁰f
1278 1365 1336 1428 tlte

312 1488 437 1556 Clturolr
471 1487 515 1576 of
537 1483 730 1573 Engbzude,
765 1480 923 1570 compiled
950 1479 991 1567 by
1019 1481 1196 1547 Venemble
1228 1483 1336 1567 sede,

312 1606 546 1693 Englislrman,
578 1600 757 1666 translated
778 1613 836 1664 out
860 1599 904 1686 of
921 1600 1018 1664 Latin
1046 1606 1113 1663 into
1140 1600 1280 1688 English
1299 1601 1340 1686 by

313 1723 454 1788 Thomas
466 1721 648 1810 Stapleton,
671 1717 807 1784 Student
825 1724 859 1782 in
881 1718 1035 1802 Divinity.
1066 1719 1173 1785 Antw.
1191 1719 1237 1808 by
1250 1719 1336 1786 John
1440 1699 1441 1706 ἵ

311 1825 406 1923 Laet,
430 1837 525 1905 1565.
573 1837 648 1919 Quo
668 1852 775 1902 autem
791 1834 927 1901 consilio
944 1851 1057 1900 auctor
1071 1838 1157 1902 hunc
1172 1837 1333 1922 laborem,

257 1999 258 2003 =
311 1960 386 2024 satis
401 1959 461 2024 sibi
477 1957 660 2039 molestum,
681 1977 842 2046 aggressus
859 1956 916 2037 sit,
941 1955 1008 2043 ipse
1024 1955 1058 2018 in
1073 1954 1271 2021 Praelatione
1286 1957 1337 2021 in·

314 2076 418 2159 dicat,
439 2099 473 2141 se
489 2074 523 2139 id
538 2097 633 2164 agere
643 2073 726 2139 velle
741 2073 899 2155 scribens,
919 2089 955 2138 ut
970 2073 1117 2161 aequales
1134 2075 1181 2138 sui
1196 2097 1336 2158 noram,

313 2217 410 2282 quam
434 2193 586 2282 amplecti
603 2207 796 2283 coeperant,
819 2191 981 2282 roligionis
1000 2191 1139 2256 formam
1155 2193 1336 2281 relinquen·

313 2327 362 2376 tes
383 2309 424 2375 ad
451 2311 631 2399 pristinam,
655 2333 736 2397 quae
759 2333 863 2375 sauss
881 2325 1027 2400 tempore
1047 2312 1212 2401 viguisset,
1239 2310 1338 2376 fidem
1441 2279 1442 2328 l

314 2428 456 2496 redirent
469 2427 530 2517 (τ).
578 2428 698 2494 Iterum
725 2429 759 2493 in
783 2451 965 2495 sermonem
980 2430 1149 2518 Auglr'eum
1172 2431 1341 2495 translatus

315 2559 664 2581 m—-n——h-

357 2623 450 2692 (1)1n
473 2620 650 2684 Praefatione,
677 2621 708 2671 ad
728 2635 904 2672 strssrrrnru
925 2621 1050 2692 Reginam
1071 2623 1180 2692 scripta,
1199 2623 1340 2674 interulis

419 2707 500 2774 hujus
521 2705 626 2773 generis
645 2702 784 2772 leguntur:
806 2704 854 2754 «ln
873 2703 922 2755 this
936 2705 1039 2774 ilistorp
1053 2703 1123 2754 Your
1136 2701 1255 2772 lligbnes
1270 2702 1340 2756 shall

422 2804 466 2842 see
487 2789 516 2838 iu
530 2787 590 2840 bow
605 2803 684 2856 many
700 2786 751 2838 and
765 2786 880 2856 treighty
894 2788 997 2856 pointss
1010 2785 1055 2839 tho
1069 2786 1213 2855 pretendsd
1225 2787 1341 2838 reform-

421 2889 462 2924 ers
482 2871 512 2923 ol
530 2869 574 2922 tha
595 2869 701 2922 Churclr
723 2872 752 2921 iu
774 2871 845 2923 Your
866 2869 960 2924 Grecos
974 2872 1123 2924 dominicus
1137 2870 1201 2923 bave
1214 2871 1342 2940 departed

423 2956 489 3007 from
511 2954 556 3007 the
576 2965 666 3024 patcrn
685 2954 714 3005 ol
734 2953 790 3006 that
812 2955 910 3006 sounde
930 2957 981 3006 and
1002 2955 1131 3008 eatholilro
1153 2955 1215 3006 saith
1233 2957 1343 3024 planted

425 3040 481 3090 first
503 3057 597 3107 among
619 3038 810 3106 Englishemen
830 3039 866 3108 by
886 3039 949 3109 holp
968 3055 988 3091 s.
1003 3055 1126 3092 sucusrttt
1148 3057 1194 3090 our
1215 3039 1343 3107 Apostle,

426 3122 477 3172 and
498 3121 541 3192 bis
563 3123 677 3194 virtuous
697 3138 841 3194 company,
867 3122 1003 3194 described
1017 3122 1086 3193 trulp
1100 3122 1152 3174 and
1166 3123 1294 3191 sincerelp
1307 3122 1343 3191 by

428 3207 457 3256 V
454 3206 569 3256 enerable
589 3219 671 3269 arus,
692 3221 720 3256 so
735 3205 817 3258 called
833 3208 861 3256 in
874 3207 909 3257 all
925 3206 1110 3260 Christendom
1124 3208 1165 3259 for
1178 3208 1222 3260 his
1235 3209 1340 3278 passing

425 3297 527 3339 vertues
549 3286 600 3336 and
623 3303 677 3337 rare
696 3287 835 3356 learning,
853 3287 897 3340 tho
914 3287 1014 3340 suthor
1031 3290 1060 3341 oi
1071 3290 1124 3341 this
1139 3291 1251 3360 History.
1283 3291 1342 3344 And

424 3379 450 3422 to¹
468 3369 589 3422 thentsut
610 3368 680 3420 Your
699 3370 817 3439 Highues
838 3373 969 3424 intention
984 3374 1046 3424 beut
1060 3385 1087 3426 to
1101 3375 1240 3444 weigbtier
1252 3378 1343 3427 oonsi-

424 3453 555 3505 derations
576 3451 627 3502 and
648 3452 749 3503 affaires
767 3470 827 3521 may
849 3455 947 3522 speuds
968 3473 1002 3508 no
1015 3457 1094 3522 longe
1109 3460 1174 3509 time
1189 3460 1218 3509 in
1231 3460 1343 3526 espying

425 3547 484 3587 oute
505 3534 550 3586 the
571 3534 739 3602 particulare,
764 3535 776 3585 1
794 3535 859 3588 haro
882 3538 1005 3606 gethered
1027 3551 1071 3591 out
1092 3541 1122 3591 ol
1134 3540 1178 3592 the
1193 3539 1278 3592 whole
1293 3540 1345 3590 Hi-

428 3628 496 3685 story
516 3635 531 3667 a
550 3618 663 3669 number
677 3619 706 3670 oi
718 3619 862 3672 diversitios
879 3622 999 3674 betnenc
1014 3623 1059 3674 the
1074 3623 1219 3694 pretended
1234 3623 1345 3691 religion

427 3702 457 3754 oi
467 3703 631 3769 Protestauts,
648 3703 699 3754 sud
713 3703 758 3754 the
772 3705 905 3773 primitive
921 3704 985 3758 nith
998 3708 1027 3759 oi
1036 3707 1081 3759 the
1093 3707 1205 3776 English
1213 3705 1345 3759 Chusch.»

426 3799 476 3841 cot.
513 3788 563 3841 cnr
584 3789 693 3856 quidem
707 3791 833 3857 promisso
852 3790 887 3840 its
902 3790 1041 3854 satisfecit,
1060 3800 1088 3841 ut
1101 3791 1239 3859 praecipua
1254 3805 1348 3859 super-

425 3873 540 3924 stitionis
553 3881 671 3940 portenta
685 3889 713 3922 ac
721 3883 851 3937 monens,
864 3890 930 3942 quas
943 3874 1058 3926 Ecclesia
1072 3875 1192 3941 Anglica
1204 3876 1351 3925 aRomana

425 3963 572 4023 receperat,
598 3964 686 4021 postes
706 3971 767 4006 varo
786 3955 985 4025 repudiaverunt
997 3975 1091 4011 ornnes
1104 3958 1213 4010 meliors
1228 3959 1351 4010 sentien-

425 4049 483 4102 tes,
503 4037 576 4090 breti
590 4038 618 4086 in
631 4049 770 4107 conspectu
784 4051 843 4092 ante
857 4041 1005 4112 legentium
1019 4043 1107 4095 oculos
1118 4051 1238 4114 poneret.
1263 4040 1352 4091 Bruta

424 4138 485 4174 rero
500 4122 617 4190 iniquius
638 4123 727 4173 serviri
749 4139 802 4173 non
820 4134 935 4194 potarat,
954 4143 1033 4198 quam
1050 4128 1165 4196 pessima
1180 4139 1300 4194 quaeque
1316 4139 1351 4172 ex

421 4206 501 4270 ipsius
514 4205 636 4274 operibus
653 4203 814 4273 colligendo.
